1996 3666
236 182 789 277 ‘1341uaua1uia

238 305 326 397 plius
348 297 389 387 stt
409 307 525 383 curia,
555 324 676 399 neque
695 298 838 395 persona
853 310 910 385 maj

238 396 294 471 sed
311 397 466 470 diffoluta
486 396 702 480 multitudo,
727 393 799 471 line
817 394 911 471 summ

237 496 393 586 imperio.
421 490 642 575 Secundum,
678 494 780 587 quod
799 510 860 567 tem

238 608 474 661 conventuum
488 589 602 681 longis
616 590 836 674 intervallis,
886 610 914 661 tt

136 709 142 727 ·
238 680 375 755 summo
400 687 579 777 imperio,
610 681 682 757 nifi
709 682 797 759 ulus
820 686 917 778 ejuaiu

238 804 347 853 unum
378 781 524 874 aliquem
549 776 743 853 hominem
771 778 916 855 tr'amlm·
945 793 948 808 '

237 892 321 957 tut,
347 899 419 947 non
448 871 547 968 pollit
577 873 754 970 disjungi.
789 878 916 951 Ratiom

237 990 353 1043 autem
388 994 491 1064 quare
529 967 599 1042 hoc
626 974 847 1067 contingit,
877 992 916 1043 ta·

237 1064 316 1137 dem
335 1062 437 1150 sunt,
462 1090 547 1161 quas
565 1064 788 1143 adduximus
807 1064 916 1144 mim
948 1083 952 1090 '

237 1182 372 1253 qumto.

95 1290 208 1346 ulem.
284 1259 348 1331 Xl.
375 1261 425 1333 Ut
450 1259 691 1354 aristocratia,
733 1262 785 1333 ita
811 1278 915 1355 quoque
948 1323 952 1333 .

77 1362 137 1413 ceta
168 1363 224 1445 qui-
237 1351 423 1427 monarchia
445 1352 648 1447 apotellate
668 1357 795 1451 populi
819 1356 915 1428 detiu·

77 1432 222 1568 ssssjffigf
237 1467 314 1532 tut,
337 1446 462 1523 scilicet
473 1450 531 1540 jus
548 1445 676 1533 suum,
707 1450 781 1525 hoc
800 1448 915 1542 elisum
943 1543 946 1550 ¹

235 1570 323 1617 mum
348 1551 545 1641 imperium,
583 1547 624 1617 itt
652 1570 765 1621 unum
791 1544 913 1621 hamum
943 1555 947 1615 f

235 1638 474 1715 transferentis.
501 1642 570 1713 Hic
587 1664 738 1734 quoque
750 1642 914 1737 intelliget·

235 1738 318 1808 dum
330 1735 913 1824 est,unmncettumluminemmml·
931 1788 934 1798 -

232 1857 298 1915 ne,
324 1833 380 1904 vel
403 1834 467 1904 alia
484 1837 566 1904 nota
582 1831 602 1901 ὲ
620 1836 760 1907 caeteris
781 1830 913 1909 omnibu

233 1925 534 2020 dignoscendum,
563 1932 718 2020 proponi
739 1980 753 2013 ‚
778 1927 914 2024 atqueit

233 2047 311 2095 eum
329 2024 384 2115 jus
402 2046 506 2095 omne
517 2022 634 2117 populi
653 2025 855 2117 pluralitate
867 2018 915 2097 lul-

232 2116 420 2213 fragiurum
437 2115 630 2199 transferria
652 2120 706 2191 ita
719 2110 914 2215 ut'quicqail
949 2145 953 2156 ·

232 2236 389 2307 potuerat
406 2213 566 2310 populus,
586 2232 777 2307 antequam
803 2217 915 2311 eligere

230 2326 308 2392 tur,
333 2310 369 2381 id
382 2335 484 2383 omne
496 2306 701 2402 posteajure
712 2307 818 2403 poffit
827 2310 914 2387 facee

231 2406 361 2477 eleelus.
375 2405 481 2493 Quod
491 2430 568 2476 cum
580 2401 713 2477 faulum
725 2406 916 2505 emmau

230 2523 300 2571 uon
314 2504 457 2592 amplius
466 2499 657 2597 estpersona
666 2525 762 2588 una,
773 2502 833 2577 sed
842 2496 915 2575 dille

231 2594 300 2667 luta
314 2596 523 2679 multitudo,
542 2598 671 2688 quippe
685 2623 769 2691 quae
783 2611 916 2673 uuaettt

230 2690 356 2765 virtute
376 2692 638 2784 tantumsummi
654 2699 818 2789 imperii,
842 2686 917 2791 quel

88 2846 91 2851 .
228 2786 300 2881 jam
320 2788 338 2857 l
355 2785 386 2859 le
404 2787 550 2859 inhunc
563 2786 830 2865 transtulerunt.

87 2879 204 2968 Moriar-⁸
276 2885 358 2957 ΧΠ.
387 2885 511 2975 Neque
524 2907 606 2977 ergo
617 2884 807 2960 monarcha
817 2874 916 2961 alul

69 2955 333 3078 ξξζῖᾟζζρεᾶίε
362 2982 522 3071 cuiquam
547 2980 592 3049 ob
620 3000 807 3076 receptum
829 2986 916 3075 impt-

69 3103 141 3164 ptum
167 3082 318 3151 im-tium
336 3074 527 3169 obstringit.
554 3077 693 3169 Recipit
713 3081 813 3153 enim
829 3082 913 3171 impt-

68 3166 168 3231 pertua
226 3174 351 3277 tium&
360 3172 502 3273 populos
529 3167 588 3251 sed
605 3172 912 3273 utprpximelupu
