1996 3666
276 176 515 252 Creus-
557 179 601 253 V.
674 180 780 270 ·85

84 323 185 372 marne
209 293 384 391 dirigant)
407 296 474 370 hoc
494 299 561 382 est,
588 292 784 394 societaten‘i

87 395 203 484 mutui
227 412 357 465 tantum
377 394 516 476 auxilii,
541 418 611 466 nou
633 392 784 486 praestare

86 486 399 570 consentientibus,
415 486 482 560 five
494 487 608 571 sociis,
628 487 785 561 securita-

84 602 155 656 tem
171 608 274 676 quam
286 587 486 676 querimus,
503 587 681 661 exercendi
695 588 785 656 inter

84 677 118 753 se
133 678 221 771 ipsos
233 679 313 773 leges
330 697 455 776 traturp
466 679 563 770 supra
586 681 686 752 didius
696 708 708 762 3
726 677 784 755 sed

86 795 243 868 oportere
266 777 411 866 amplius
439 775 600 868 quiddam
624 775 719 869 fieri,
743 795 784 849 ut

85 867 785 962 qui'semeladpaoem,&mutuumauxi-

85 967 194 1049 lium,
214 963 309 1037 eausa
330 974 504 1039 communis
521 965 596 1039 boui
613 963 784 1038 consense-

85 1066 177 1144 rint,
206 1084 249 1132 ne
274 1059 403 1153 postea,
438 1087 515 1134 eum
540 1062 656 1134 bonum
684 1058 784 1134 suum

87 1156 226 1249 aiiquod
249 1153 466 1247 privatum-5
489 1165 646 1230 coturnum
664 1154 784 1229 disere·

87 1255 249 1345 paverit,
282 1254 406 1325 iterum
441 1251 652 1345 dissentiant,
688 1271 782 1324 metu

86 1346 343 1442 prohibeantur.
685 1377 687 1381 ⁷

133 1443 179 1514 V.
201 1444 234 1514 N
239 1462 370 1516 umerat
391 1441 584 1515 Aristoteles
604 1444 692 1516 inter
709 1444 780 1516 ani.
796 1480 845 1536 cu,
857 1482 942 1536 traua.

85 1538 204 1618 maiia,
216 1562 292 1629 quae
303 1538 611 1632 politicaappellat,
624 1562 694 1612 non
708 1562 779 1611 mo·
792 1570 849 1619 rum
879 1568 940 1624 quo·
968 1562 975 1627 '.

86 1634 130 1706 do
150 1630 329 1715 hominem,
363 1631 419 1705 sed
442 1638 544 1707 etiarn
565 1635 673 1708 muita
697 1623 909 1717 app-agundam

84 1751 124 1801 ut
136 1727 333 1821 formicam,
347 1749 454 1825 opem,
476 1724 538 1805 &o
561 1755 656 1823 quae,
670 1755 778 1823 quan·
791 1710 940 1828 maffia

82 1842 189 1919 quam
204 1827 333 1896 ratione
346 1824 589 1910 destituantur,
604 1828 776 1920 perquam
791 1851 849 1886 men
870 1830 927 1894 sua
987 1852 995 1865 ·

61 1923 194 2014 ,pastu
209 1911 339 2002 iacere,
367 1924 398 1992 &
420 1918 617 2015 submittere
635 1919 670 1994 se
690 1901 940 2026 regi·{fi‘p'fffjssfifss²
971 1980 980 1986 .

83 2016 172 2086 mini
195 2010 339 2107 possint,
371 2014 616 2098 nihilominus,
640 2016 777 2092 cousen-
791 2059 852 2095 num
875 2057 925 2095 non

83 2109 224 2190 tiend0,
250 2108 374 2192 idest,
398 2111 514 2183 eadem
538 2112 728 2207 cupiendo,
747 2113 865 2187 &namt

83 2205 203 2278 eadem
231 2201 424 2299 fugiendo,
461 2209 508 2279 ita
530 2210 681 2281 ustiones
704 2206 781 2280 suas
855 2226 858 2233 '

84 2301 243 2393 dirigunt
265 2300 306 2371 ad
336 2298 710 2387 fiuemeomniunem,
741 2321 782 2376 ut

85 2415 195 2470 coetus
216 2419 335 2467 eorum
357 2398 458 2469 nusiis
482 2394 703 2471 seditionibus
717 2395 783 2473 sint

84 2491 239 2564 obnoxii.
264 2490 350 2562 Non
372 2487 450 2564 sunt
469 2512 581 2564 tamen
601 2514 708 2566 costus
725 2519 783 2567 eo·
818 2572 822 2581 ,

83 2609 164 2659 rum
189 2591 360 2668 civitates,
385 2611 497 2680 neque
508 2584 597 2661 ‘ideo
618 2586 688 2683 ipsa
710 2592 783 2664 ani·

84 2683 186 2755 malin
204 2680 341 2775 politico
365 2681 508 2756 dicenda
528 2681 607 2757 sunt
619 2715 631 2767 3
653 2690 782 2780 quippe
810 2755 817 2776 ,

84 2800 239 2870 quorum
266 2779 425 2875 regimen.
446 2777 619 2873 consensio
647 2783 783 2854 tantiam

86 2871 151 2964 esis
176 2869 245 2944 sive
267 2874 384 2946 multae
405 2874 597 2947 voluntates
615 2876 797 2953 adunum.

84 2968 282 3060 objettum;
301 2990 372 3042 non
391 2969 459 3063 (ut
480 2973 672 3047 incivitate
693 2993 788 3064 opus.
848 2967 850 2971 ’

85 3062 159 3153 est)
180 3086 258 3138 una
283 3064 452 3149 voluntas.
479 3064 609 3137 Verum
633 3062 709 3147 est,
742 3068 808 3141 ἰιν

86 3160 247 3264 ereatura
272 3160 339 3260 uns
362 3156 436 3267 sels.
454 3155 552 3264 ttius
572 3161 606 3257 ,ἃ
627 3162 797 3271 ernstius,
