1996 3666
241 194 267 313 l
377 191 745 301 ,bisontes

159 402 162 410 ,
241 337 337 417 fuam
358 337 447 412 colit.
472 334 634 423 Siofficii
654 333 768 420 cauli,
786 331 941 410 nascitur

241 430 382 509 forensis
405 434 561 527 quaedam
583 435 754 515 amicitia,
780 433 857 526 plus
877 429 942 505 ha-

90 613 97 626 *
161 543 164 548 ’
207 605 208 608 ,
242 531 328 616 bens
358 534 471 603 mutui
506 534 616 602 metus
649 529 751 623 quim
788 532 940 610 amoris3

241 627 335 700 unde
361 624 463 700 factio
485 624 669 718 aliquando
694 621 864 706 nascitur,
884 622 941 697 sed

242 721 481 795 benevolentia
505 746 694 814 nunquam.
721 722 756 794 Si
776 723 885 793 animi
909 723 941 794 &

241 814 421 892 hilaritatis
448 815 565 900 cauli,
599 815 682 891 solet
700 817 849 890 maximi²
866 840 941 908 per.

234 915 374 1007 placere
402 909 472 986 sibi
497 910 728 1007 unusquisque
757 915 798 984 iis
837 911 940 1002 rebus

131 1056 137 1073 .
243 1032 321 1101 quae
349 1005 452 1081 risum
486 1013 660 1090 excitant,
698 1008 790 1081 unde
817 1003 938 1101 polit,

240 1106 379 1198 (prout
399 1104 444 1177 est
465 1125 586 1178 natura
606 1094 770 1194 ridiculi)
801 1128 941 1196 compa-

241 1203 375 1274 ratione
405 1201 628 1291 turpitudinis
652 1202 708 1272 vel
731 1195 939 1275 infirmitatis

131 1372 135 1381 ,
201 1308 204 1319 ’
239 1297 385 1380 alienae,
413 1296 481 1390 ipse
511 1294 644 1370 fibimet
669 1296 939 1369 commendatior

122 1471 124 1474 Α
174 1407 180 1418 ’
244 1392 396 1465 evadere.
435 1390 576 1467 Etiamsi
601 1411 715 1465 autem
742 1389 810 1465 hoc
839 1395 940 1464 inno·

184 1515 187 1520 ·
243 1511 348 1562 cuum
364 1488 548 1581 aliquando
572 1492 604 1564 ἃ
625 1484 695 1561 line
722 1481 852 1560 offenlb
875 1485 937 1571 fit,

241 1581 456 1658 manifestum
476 1607 591 1659 tamen
612 1583 677 1666 est,
695 1583 860 1656 deletum
881 1607 939 1661 eos

226 1701 316 1750 non
337 1681 431 1772 priris
447 1677 605 1754 societate
622 1680 724 1772 quim
743 1680 849 1773 gloria
867 1677 937 1752 sua.

196 1776 200 1786 ’
243 1776 414 1849 Caeterum
448 1776 648 1870 plerumque
672 1778 710 1848 in
738 1773 940 1868 hujusmodi

233 1869 475 1965 'congreffibus
496 1872 665 1951 laeduntur
685 1867 861 1956 absentes,
883 1896 939 1944 eo-

198 1979 199 1982 ’
243 1989 323 2042 tum
344 1983 416 2040 tora
432 1970 526 2051 vita,
552 1968 662 2050 diua.
680 1964 788 2056 futla.
811 1969 939 2040 exami-

241 2079 389 2145 nantur,
402 2062 624 2154 judicantur,
644 2062 918 2138 condemnantur
926 2113 948 2146 ,-

218 2155 278 2232 ’ἃ
299 2156 443 2233 dicteriis
464 2160 711 2241 traducunru13
729 2182 843 2251 neque
860 2183 940 2252 par·

217 2264 218 2267 ’
240 2257 334 2326 citur
350 2250 494 2347 ipfismer
508 2253 830 2338 confabulantibus,
852 2256 940 2347 quin

192 2363 196 2370 “
240 2347 336 2425 idem
348 2352 517 2442 patiantur
530 2348 628 2424 simul
643 2372 744 2443 atque
757 2350 775 2422 ὲ
789 2347 950 2425 consessu.

241 2447 410 2523 exierintr
428 2445 516 2518 a'deb
533 2465 573 2519 ut
585 2470 656 2518 non
668 2445 852 2519 absurdum
865 2443 939 2520 fue·

145 2604 150 2608 .
240 2542 288 2613 rit
300 2537 476 2614 confilium
492 2540 582 2634 ejus,
601 2545 661 2634 qui
675 2542 693 2614 ir
709 2537 807 2614 scena
823 2539 938 2616 conla-

191 2675 194 2678 >
241 2632 437 2709 bulantium
461 2640 550 2710 exire
573 2635 775 2719 noviffimus
796 2634 934 2715 solebat

239 2729 354 2824 Atque
379 2730 434 2804 hae
455 2757 544 2805 verae
556 2730 640 2806 ‘sunt
656 2731 782 2807 deliciae
799 2730 937 2808 societa-

135 2900 143 2920 κ
165 2862 167 2867 <
240 2828 307 2911 tis,
330 2827 373 2899 ad
391 2852 474 2920 quas
485 2836 625 2911 natura,
641 2826 757 2911 tuest.
775 2827 819 2900 ab
835 2823 937 2906 affec·

239 2925 332 3005 tibus
353 2928 450 2996 omni
472 2928 639 2998 animanti
654 2921 759 2996 insitis
781 2921 934 3010 ferimur,

240 3018 351 3091 donec
369 3024 584 3094 nocumentis
604 3021 659 3092 vel
677 3022 855 3113 praeceptis
875 3018 936 3113 fiat

242 3110 365 3205 (quod
388 3118 424 3186 in
454 3117 570 3190 multis
597 3139 776 3207 nunquam
802 3113 867 3205 fit)
897 3132 936 3192 ut

241 3212 409 3304 appetitus
426 3209 643 3310 praesentium
664 3212 830 3290 memoria
852 3235 938 3309 prag
