1996 3666
245 132 477 215 creua
526 135 600 215 tx.
702 153 771 234 155

65 256 244 341 educam,
260 260 316 330 vet
336 281 526 353 exponere,
546 257 607 335 suo
628 259 773 336 arbitrio

76 354 205 449 &jure
226 351 335 448 poffit.

122 450 188 523 ltu
216 449 392 544 Siquidem
413 472 497 544 ergo
521 449 643 525 educet
662 449 775 546 (quo-
823 471 914 526 aona.

61 546 174 619 niam
197 542 301 617 status
319 566 449 619 naturae
468 545 569 619 status
593 547 674 619 belli
703 543 773 635 est)
787 543 940 626 neumenia·

76 666 120 714 ea
138 640 215 735 lege
227 639 370 731 educare
387 641 605 737 intelligitur,
625 668 667 714 ne
679 613 937 750 adul-{mr

77 754 136 811 tus
164 734 272 809 hostis
291 733 376 820 fiat,
408 734 477 809 hoc
498 736 563 819 est,
585 763 623 809 ea
643 741 717 833 lege
737 747 933 821 utmatrtsess.

77 829 142 927 ipfi
154 829 301 904 obediat.
313 832 404 906 Cum
418 834 509 905 enim
520 830 706 907 necestitate
720 859 778 907 na-

79 926 182 1001 turali
205 926 343 1000 velimus
364 952 484 1001 omnes
502 928 537 1001 id
562 929 654 1023 quod
674 928 780 1023 'arabis-

80 1040 147 1095 met
177 1022 247 1118 ipfis
280 1042 419 1117 apparet
445 1022 592 1110 bonrum,
631 1028 780 1120 intelligi

77 1142 157 1192 non
175 1116 301 1212 potest,
320 1144 529 1214 quemquam
542 1124 587 1194 ita
600 1125 705 1194 vitant
724 1123 781 1193 de-

81 1211 161 1287 diffe
175 1216 353 1308 cuiquam,
368 1228 407 1288 ut
415 1213 629 1308 poffitfirnul,
643 1220 675 1289 ἃ
688 1220 782 1289 vires

80 1327 181 1383 aetate
200 1312 396 1403 acquirere,
424 1314 456 1383 &
476 1311 552 1405 jure
577 1311 683 1384 hostis
704 1309 781 1386 effe.
815 1346 820 1363 ·

80 1403 199 1481 Hostis
231 1423 345 1478 autem
376 1403 424 1478 est
452 1406 594 1501 quilque
622 1410 781 1500 cuique,

81 1505 141 1576 cui
160 1524 272 1594 neque
296 1520 389 1594 paret
410 1524 522 1594 neque
542 1506 695 1596 imperat.
722 1506 783 1576 At-

80 1620 151 1693 que
184 1593 254 1668 hoc
281 1596 412 1680 modo,
442 1599 479 1668 in
513 1596 598 1671 statu
622 1617 781 1681 naturae,

81 1692 198 1767 omnis
225 1714 390 1785 puerpera
421 1689 520 1764 simul
546 1697 578 1767 ἃ
604 1712 711 1767 mater
741 1690 785 1768 fia

83 1785 272 1862 &domina
301 1787 406 1874 Quod
417 1791 501 1860 verb
514 1789 650 1882 quidam
663 1792 786 1876 aiunt,

83 1906 158 1957 non
176 1898 316 1955 matrem
340 1933 350 1964 ‚
375 1885 413 1954 in
436 1880 504 1957 hoc
530 1881 632 1968 casu,
653 1882 707 1958 sed
721 1904 786 1982 pa-

83 1998 171 2054 trem
183 1975 259 2051 fieti
272 1977 457 2060 dominum,
478 1999 615 2074 propter
629 1980 786 2074 praestan-

84 2078 172 2149 tiam
194 2071 316 2158 sexus,
331 2071 421 2144 nihil
441 2073 509 2157 est3
536 2100 617 2148 nam
643 2081 674 2150 u
696 2079 786 2149 tatio

85 2174 125 2247 in
140 2172 349 2242 contrarium
368 2168 440 2253 est,
470 2173 550 2263 'quia
572 2174 785 2265 inaequalitas

85 2267 216 2340 virium
236 2265 444 2338 naturalium
461 2271 576 2339 minor
594 2266 660 2348 est,
679 2290 787 2359 quarn

86 2380 128 2434 ut
159 2386 230 2433 mas
249 2358 467 2454 inseminare
499 2364 682 2452 imperium
715 2356 787 2432 fine

85 2456 177 2530 bello
191 2460 364 2548 acquirere
382 2454 491 2549 pellit.
518 2458 563 2528 Et
575 2453 788 2529 consuetudo

85 2553 347 2649 inconttarium
364 2576 435 2623 non
456 2549 523 2633 est3
539 2554 622 2644 quia
633 2549 786 2647 sunnine,
836 2617 849 2629 ,

86 2648 473 2729 numerantes,
500 2647 673 2740 quondam
701 2647 790 2720 bella

87 2762 208 2816 contra
231 2740 341 2813 hostes
367 2739 557 2837 quierunt,
581 2749 613 2817 &
637 2744 678 2814 de
698 2741 791 2837 prule

88 2838 149 2912 sual
172 2835 234 2911 suo
258 2839 358 2909 libitu
383 2836 594 2920 statuerunt3
616 2837 791 2929 hodieque
856 2886 861 2905 -.

89 2932 245 3029 pluribus
272 2934 309 3004 in
338 2934 420 3025 loeis
441 2932 575 3025 famina
601 2930 678 3007 lunt
709 2950 793 3003 cunt

82 3030 212 3123 firmmo
248 3034 392 3121 imperio.
425 3030 561 3123 'Neque
596 3028 637 3098 de
667 3023 792 3097 haruin

89 3122 202 3209 lebni}
212 3121 368 3225 statuunt
378 3130 512 3209 mariti,
525 3120 589 3293 seg
596 3119 681 3293 ἰξίας
699 3114 794 3216 quoti¹
