<?xml version="1.0" encoding="UTF-8"?>
<!DOCTYPE html PUBLIC "-//W3C//DTD XHTML 1.0 Transitional//EN"
    "http://www.w3.org/TR/xhtml1/DTD/xhtml1-transitional.dtd">
<html xmlns="http://www.w3.org/1999/xhtml" xml:lang="en" lang="en">
 <head>
  <title>
</title>
<meta http-equiv="Content-Type" content="text/html;charset=utf-8" />
  <meta name='ocr-system' content='tesseract 3.04.00' />
  <meta name='ocr-capabilities' content='ocr_page ocr_carea ocr_par ocr_line ocrx_word'/>
</head>
<body>
  <div class='ocr_page' id='page_1' title='image "./elementaphiloso00hobbgoog_0170.png"; bbox 0 0 1996 3666; ppageno 0'>
   <div class='ocr_carea' id='block_1_1' title="bbox 142 228 770 327">
    <p class='ocr_par' dir='ltr' id='par_1_1' title="bbox 142 228 770 327">
     <span class='ocr_line' id='line_1_1' title="bbox 142 228 770 327; baseline -0.002 -23"><span class='ocrx_word' id='word_1_1' title='bbox 142 228 373 323; x_wconf 71' lang='lat' dir='ltr'><strong>creua</strong></span> <span class='ocrx_word' id='word_1_2' title='bbox 420 230 518 308; x_wconf 85' lang='lat' dir='ltr'>VII,</span> <span class='ocrx_word' id='word_1_3' title='bbox 605 245 673 327; x_wconf 77' lang='lat'><strong>137</strong></span> <span class='ocrx_word' id='word_1_4' title='bbox 767 314 770 321; x_wconf 21' lang='lat'>¹</span> 
     </span>
    </p>
   </div>
   <div class='ocr_carea' id='block_1_2' title="bbox 54 349 859 3216">
    <p class='ocr_par' dir='ltr' id='par_1_2' title="bbox 54 349 857 1022">
     <span class='ocr_line' id='line_1_2' title="bbox 55 349 831 446; baseline -0.003 -19"><span class='ocrx_word' id='word_1_5' title='bbox 55 351 107 427; x_wconf 80' lang='lat' dir='ltr'><strong>[ll.</strong></span> <span class='ocrx_word' id='word_1_6' title='bbox 126 353 275 446; x_wconf 87' lang='lat' dir='ltr'><strong>Populus</strong></span> <span class='ocrx_word' id='word_1_7' title='bbox 286 356 346 446; x_wconf 85' lang='lat' dir='ltr'><strong>qui</strong></span> <span class='ocrx_word' id='word_1_8' title='bbox 356 349 673 432; x_wconf 72' lang='lat' dir='ltr'><strong>monarchamfatru-</strong></span> <span class='ocrx_word' id='word_1_9' title='bbox 719 374 831 431; x_wconf 57' lang='lat' dir='ltr'><strong>Manae.</strong></span> 
     </span>
     <span class='ocr_line' id='line_1_3' title="bbox 62 446 825 542; baseline -0.004 -19"><span class='ocrx_word' id='word_1_10' title='bbox 62 448 109 523; x_wconf 88' lang='lat' dir='ltr'><strong>est</strong></span> <span class='ocrx_word' id='word_1_11' title='bbox 145 448 253 541; x_wconf 86' lang='lat' dir='ltr'><strong>potest</strong></span> <span class='ocrx_word' id='word_1_12' title='bbox 289 453 321 520; x_wconf 90' lang='lat' dir='ltr'><strong>ei</strong></span> <span class='ocrx_word' id='word_1_13' title='bbox 358 447 530 527; x_wconf 89' lang='lat' dir='ltr'><strong>summum</strong></span> <span class='ocrx_word' id='word_1_14' title='bbox 565 446 825 542; x_wconf 54' lang='grc' dir='ltr'><strong>ίῐιηκ-θῦαίαῐὲω</strong></span> 
     </span>
     <span class='ocr_line' id='line_1_4' title="bbox 55 514 825 654; baseline 0.003 -39"><span class='ocrx_word' id='word_1_15' title='bbox 55 570 68 615; x_wconf 79' lang='lat' dir='ltr'><strong>r</strong></span> <span class='ocrx_word' id='word_1_16' title='bbox 80 545 231 634; x_wconf 75' lang='lat' dir='ltr'><strong>tradere,</strong></span> <span class='ocrx_word' id='word_1_17' title='bbox 245 546 299 616; x_wconf 89' lang='lat' dir='ltr'><strong>vel</strong></span> <span class='ocrx_word' id='word_1_18' title='bbox 310 542 502 642; x_wconf 79' lang='lat' dir='ltr'><strong>simpliciter</strong></span> <span class='ocrx_word' id='word_1_19' title='bbox 510 544 578 623; x_wconf 78' lang='lat' dir='ltr'><strong>ime</strong></span> <span class='ocrx_word' id='word_1_20' title='bbox 588 514 825 654; x_wconf 53' lang='grc' dir='ltr'><strong>ῑεηι-ζζξῑξῆζξ,</strong></span> 
     </span>
     <span class='ocr_line' id='line_1_5' title="bbox 55 640 857 735; baseline -0.005 -23"><span class='ocrx_word' id='word_1_21' title='bbox 55 640 69 712; x_wconf 68' lang='grc' dir='ltr'><strong>ε’</strong></span> <span class='ocrx_word' id='word_1_22' title='bbox 96 643 325 727; x_wconf 79' lang='lat' dir='ltr'><strong>limitatione,</strong></span> <span class='ocrx_word' id='word_1_23' title='bbox 360 643 414 712; x_wconf 92' lang='lat' dir='ltr'><strong>vel</strong></span> <span class='ocrx_word' id='word_1_24' title='bbox 436 664 497 733; x_wconf 87' lang='lat' dir='ltr'><strong>pro</strong></span> <span class='ocrx_word' id='word_1_25' title='bbox 521 659 797 735; x_wconf 73' lang='lat' dir='ltr'><strong>tempore-tatione,</strong></span> <span class='ocrx_word' id='word_1_26' title='bbox 838 698 857 735; x_wconf 33' lang='grc' dir='ltr'><strong>,Ι</strong></span> 
     </span>
     <span class='ocr_line' id='line_1_6' title="bbox 55 726 831 829; baseline 0.001 -20"><span class='ocrx_word' id='word_1_27' title='bbox 55 760 72 808; x_wconf 87' lang='lat' dir='ltr'><strong>u</strong></span> <span class='ocrx_word' id='word_1_28' title='bbox 94 739 126 809; x_wconf 70' lang='grc' dir='ltr'><strong>ἃ</strong></span> <span class='ocrx_word' id='word_1_29' title='bbox 148 736 379 808; x_wconf 87' lang='lat' dir='ltr'><strong>determinato.</strong></span> <span class='ocrx_word' id='word_1_30' title='bbox 408 737 443 809; x_wconf 92' lang='lat' dir='ltr'><strong>Si</strong></span> <span class='ocrx_word' id='word_1_31' title='bbox 459 734 739 829; x_wconf 57' lang='lat' dir='ltr'><strong>fimpliciterffl</strong></span> <span class='ocrx_word' id='word_1_32' title='bbox 767 726 831 788; x_wconf 82' lang='lat' dir='ltr'><strong>suc-</strong></span> 
     </span>
     <span class='ocr_line' id='line_1_7' title="bbox 55 814 813 928; baseline 0.008 -26"><span class='ocrx_word' id='word_1_33' title='bbox 55 832 177 925; x_wconf 87' lang='lat' dir='ltr'><strong>lligitur</strong></span> <span class='ocrx_word' id='word_1_34' title='bbox 189 835 236 902; x_wconf 87' lang='lat' dir='ltr'><strong>ita</strong></span> <span class='ocrx_word' id='word_1_35' title='bbox 255 830 316 903; x_wconf 85' lang='lat' dir='ltr'><strong>elle</strong></span> <span class='ocrx_word' id='word_1_36' title='bbox 329 835 509 922; x_wconf 89' lang='lat' dir='ltr'><strong>imperium</strong></span> <span class='ocrx_word' id='word_1_37' title='bbox 525 833 598 928; x_wconf 73' lang='lat' dir='ltr'><strong>ejus</strong></span> <span class='ocrx_word' id='word_1_38' title='bbox 615 814 813 926; x_wconf 53' lang='lat' dir='ltr'><strong>ouillum</strong></span> 
     </span>
     <span class='ocr_line' id='line_1_8' title="bbox 54 924 750 1022; baseline 0.011 -25"><span class='ocrx_word' id='word_1_39' title='bbox 54 930 142 1009; x_wconf 76' lang='lat' dir='ltr'><strong>itur,</strong></span> <span class='ocrx_word' id='word_1_40' title='bbox 161 924 246 999; x_wconf 86' lang='lat' dir='ltr'><strong>ficut</strong></span> <span class='ocrx_word' id='word_1_41' title='bbox 258 945 328 999; x_wconf 85' lang='lat' dir='ltr'><strong>erat</strong></span> <span class='ocrx_word' id='word_1_42' title='bbox 332 928 446 1022; x_wconf 82' lang='lat' dir='ltr'><strong>populi</strong></span> <span class='ocrx_word' id='word_1_43' title='bbox 455 932 514 1020; x_wconf 90' lang='lat' dir='ltr'><strong>qui</strong></span> <span class='ocrx_word' id='word_1_44' title='bbox 524 928 669 1002; x_wconf 67' lang='lat' dir='ltr'><strong>tradidit⁴</strong></span> <span class='ocrx_word' id='word_1_45' title='bbox 681 954 750 1005; x_wconf 69' lang='lat' dir='ltr'><strong>tert·</strong></span> 
     </span>
    </p>

    <p class='ocr_par' dir='ltr' id='par_1_3' title="bbox 55 1024 672 1116">
     <span class='ocr_line' id='line_1_9' title="bbox 55 1024 672 1116; baseline 0.008 -24"><span class='ocrx_word' id='word_1_46' title='bbox 55 1051 60 1092; x_wconf 79' lang='grc' dir='ltr'>ι</span> <span class='ocrx_word' id='word_1_47' title='bbox 77 1024 181 1116; x_wconf 84' lang='lat' dir='ltr'><strong>igitur</strong></span> <span class='ocrx_word' id='word_1_48' title='bbox 204 1024 336 1097; x_wconf 88' lang='lat' dir='ltr'><strong>ratione</strong></span> <span class='ocrx_word' id='word_1_49' title='bbox 352 1025 491 1116; x_wconf 83' lang='lat' dir='ltr'><strong>populus</strong></span> <span class='ocrx_word' id='word_1_50' title='bbox 502 1027 581 1113; x_wconf 81' lang='lat' dir='ltr'><strong>jure</strong></span> <span class='ocrx_word' id='word_1_51' title='bbox 597 1050 672 1097; x_wconf 89' lang='lat' dir='ltr'><strong>mo-</strong></span> 
     </span>
    </p>

    <p class='ocr_par' dir='ltr' id='par_1_4' title="bbox 55 1117 673 1201">
     <span class='ocr_line' id='line_1_10' title="bbox 55 1117 673 1201; baseline 0.01 -14"><span class='ocrx_word' id='word_1_52' title='bbox 55 1117 139 1190; x_wconf 79' lang='lat' dir='ltr'><strong>;ham</strong></span> <span class='ocrx_word' id='word_1_53' title='bbox 166 1117 282 1201; x_wconf 83' lang='lat' dir='ltr'><strong>illum,</strong></span> <span class='ocrx_word' id='word_1_54' title='bbox 314 1120 428 1192; x_wconf 70' lang='lat' dir='ltr'><strong>eedem</strong></span> <span class='ocrx_word' id='word_1_55' title='bbox 458 1122 512 1191; x_wconf 87' lang='lat' dir='ltr'><strong>ille</strong></span> <span class='ocrx_word' id='word_1_56' title='bbox 536 1138 673 1193; x_wconf 88' lang='lat' dir='ltr'><strong>monar-</strong></span> 
     </span>
    </p>

    <p class='ocr_par' dir='ltr' id='par_1_5' title="bbox 55 1211 673 1306">
     <span class='ocr_line' id='line_1_11' title="bbox 55 1211 673 1306; baseline 0.008 -22"><span class='ocrx_word' id='word_1_57' title='bbox 55 1239 79 1284; x_wconf 90' lang='lat' dir='ltr'>n</span> <span class='ocrx_word' id='word_1_58' title='bbox 99 1213 200 1286; x_wconf 82' lang='lat' dir='ltr'><strong>alium</strong></span> <span class='ocrx_word' id='word_1_59' title='bbox 219 1211 325 1286; x_wconf 77' lang='lat' dir='ltr'><strong>lacere</strong></span> <span class='ocrx_word' id='word_1_60' title='bbox 343 1213 476 1306; x_wconf 68' lang='lat' dir='ltr'><strong>potesta</strong></span> <span class='ocrx_word' id='word_1_61' title='bbox 491 1218 594 1303; x_wconf 84' lang='lat' dir='ltr'><strong>itaut</strong></span> <span class='ocrx_word' id='word_1_62' title='bbox 606 1241 673 1289; x_wconf 80' lang='lat' dir='ltr'><strong>mo.-</strong></span> 
     </span>
    </p>

    <p class='ocr_par' dir='ltr' id='par_1_6' title="bbox 55 1304 674 1402">
     <span class='ocr_line' id='line_1_12' title="bbox 55 1304 674 1402; baseline 0 -20"><span class='ocrx_word' id='word_1_63' title='bbox 55 1304 102 1382; x_wconf 69' lang='lat' dir='ltr'><strong>:ha</strong></span> <span class='ocrx_word' id='word_1_64' title='bbox 126 1313 182 1383; x_wconf 91' lang='lat' dir='ltr'><strong>cui</strong></span> <span class='ocrx_word' id='word_1_65' title='bbox 211 1306 404 1402; x_wconf 82' lang='lat' dir='ltr'><strong>fimpliciter</strong></span> <span class='ocrx_word' id='word_1_66' title='bbox 431 1310 594 1382; x_wconf 87' lang='lat' dir='ltr'><strong>traditum</strong></span> <span class='ocrx_word' id='word_1_67' title='bbox 624 1309 674 1383; x_wconf 76' lang='lat' dir='ltr'><strong>eli</strong></span> 
     </span>
    </p>

    <p class='ocr_par' dir='ltr' id='par_1_7' title="bbox 55 1405 672 1496">
     <span class='ocr_line' id='line_1_13' title="bbox 55 1405 672 1496; baseline 0 -19"><span class='ocrx_word' id='word_1_68' title='bbox 55 1407 182 1488; x_wconf 85' lang='lat' dir='ltr'><strong>etium,</strong></span> <span class='ocrx_word' id='word_1_69' title='bbox 209 1422 381 1496; x_wconf 82' lang='lat' dir='ltr'>competat</span> <span class='ocrx_word' id='word_1_70' title='bbox 395 1405 453 1492; x_wconf 84' lang='lat' dir='ltr'><strong>jus</strong></span> <span class='ocrx_word' id='word_1_71' title='bbox 473 1430 545 1477; x_wconf 86' lang='lat' dir='ltr'><strong>non</strong></span> <span class='ocrx_word' id='word_1_72' title='bbox 569 1406 672 1478; x_wconf 86' lang='lat' dir='ltr'><strong>modo</strong></span> 
     </span>
    </p>

    <p class='ocr_par' dir='ltr' id='par_1_8' title="bbox 55 1496 673 1590">
     <span class='ocr_line' id='line_1_14' title="bbox 55 1496 673 1590; baseline -0.005 -15"><span class='ocrx_word' id='word_1_73' title='bbox 55 1496 182 1590; x_wconf 76' lang='lat' dir='ltr'><strong>ffionis,</strong></span> <span class='ocrx_word' id='word_1_74' title='bbox 205 1499 261 1573; x_wconf 84' lang='lat' dir='ltr'><strong>sed</strong></span> <span class='ocrx_word' id='word_1_75' title='bbox 275 1503 377 1572; x_wconf 90' lang='lat' dir='ltr'><strong>etiam</strong></span> <span class='ocrx_word' id='word_1_76' title='bbox 390 1498 608 1590; x_wconf 83' lang='lat' dir='ltr'><strong>succeffiom&#39;s,</strong></span> <span class='ocrx_word' id='word_1_77' title='bbox 632 1517 673 1573; x_wconf 90' lang='lat' dir='ltr'><strong>ut</strong></span> 
     </span>
    </p>

    <p class='ocr_par' dir='ltr' id='par_1_9' title="bbox 55 1593 673 1672">
     <span class='ocr_line' id='line_1_15' title="bbox 55 1593 673 1672; baseline 0 -4"><span class='ocrx_word' id='word_1_78' title='bbox 55 1596 76 1670; x_wconf 85' lang='lat' dir='ltr'><strong>it</strong></span> <span class='ocrx_word' id='word_1_79' title='bbox 91 1597 152 1671; x_wconf 87' lang='lat' dir='ltr'><strong>suo</strong></span> <span class='ocrx_word' id='word_1_80' title='bbox 173 1597 313 1672; x_wconf 83' lang='lat' dir='ltr'><strong>arbitrio</strong></span> <span class='ocrx_word' id='word_1_81' title='bbox 331 1595 497 1672; x_wconf 86' lang='lat' dir='ltr'><strong>declarare</strong></span> <span class='ocrx_word' id='word_1_82' title='bbox 516 1593 673 1671; x_wconf 80' lang='lat' dir='ltr'><strong>saccello·</strong></span> 
     </span>
    </p>

    <p class='ocr_par' dir='ltr' id='par_1_10' title="bbox 70 1689 179 1767">
     <span class='ocr_line' id='line_1_16' title="bbox 70 1689 179 1767; baseline 0.009 -2"><span class='ocrx_word' id='word_1_83' title='bbox 70 1689 179 1767; x_wconf 87' lang='lat' dir='ltr'><strong>suum.</strong></span> 
     </span>
    </p>

    <p class='ocr_par' dir='ltr' id='par_1_11' title="bbox 55 1787 859 2174">
     <span class='ocr_line' id='line_1_17' title="bbox 55 1787 824 1886; baseline -0.005 -20"><span class='ocrx_word' id='word_1_84' title='bbox 55 1791 124 1867; x_wconf 72' lang='lat' dir='ltr'>LVI.</span> <span class='ocrx_word' id='word_1_85' title='bbox 152 1787 296 1879; x_wconf 75' lang='lat' dir='ltr'><strong>Quodsi</strong></span> <span class='ocrx_word' id='word_1_86' title='bbox 312 1792 493 1886; x_wconf 87' lang='lat' dir='ltr'><strong>imperium</strong></span> <span class='ocrx_word' id='word_1_87' title='bbox 511 1815 573 1885; x_wconf 91' lang='lat' dir='ltr'><strong>pro</strong></span> <span class='ocrx_word' id='word_1_88' title='bbox 587 1807 671 1864; x_wconf 87' lang='lat' dir='ltr'><strong>tem·</strong></span> <span class='ocrx_word' id='word_1_89' title='bbox 702 1825 742 1880; x_wconf 72' lang='lat' dir='ltr'><strong>ue</strong></span> <span class='ocrx_word' id='word_1_90' title='bbox 762 1825 824 1885; x_wconf 76' lang='lat' dir='ltr'><strong>Ma·</strong></span> 
     </span>
     <span class='ocr_line' id='line_1_18' title="bbox 55 1886 828 1962; baseline -0.004 -3"><span class='ocrx_word' id='word_1_91' title='bbox 55 1918 57 1949; x_wconf 59' lang='lat' dir='ltr'><strong>t</strong></span> <span class='ocrx_word' id='word_1_92' title='bbox 85 1886 308 1960; x_wconf 88' lang='lat' dir='ltr'><strong>determinato</strong></span> <span class='ocrx_word' id='word_1_93' title='bbox 345 1903 480 1962; x_wconf 89' lang='lat' dir='ltr'><strong>tantum</strong></span> <span class='ocrx_word' id='word_1_94' title='bbox 505 1886 667 1960; x_wconf 86' lang='lat' dir='ltr'><strong>traditum</strong></span> <span class='ocrx_word' id='word_1_95' title='bbox 683 1894 828 1956; x_wconf 68' lang='lat' dir='ltr'><strong>narclisai</strong></span> 
     </span>
     <span class='ocr_line' id='line_1_19' title="bbox 73 1976 859 2074; baseline 0 -19"><span class='ocrx_word' id='word_1_96' title='bbox 73 1983 137 2055; x_wconf 87' lang='lat' dir='ltr'><strong>alia</strong></span> <span class='ocrx_word' id='word_1_97' title='bbox 167 2000 287 2074; x_wconf 89' lang='lat' dir='ltr'><strong>praeter</strong></span> <span class='ocrx_word' id='word_1_98' title='bbox 313 1980 418 2074; x_wconf 83' lang='lat' dir='ltr'><strong>ipsam</strong></span> <span class='ocrx_word' id='word_1_99' title='bbox 451 1982 669 2055; x_wconf 87' lang='lat' dir='ltr'><strong>traditionem</strong></span> <span class='ocrx_word' id='word_1_100' title='bbox 681 1976 787 2038; x_wconf 60' lang='lat' dir='ltr'><strong>“W&#39;‘</strong></span> <span class='ocrx_word' id='word_1_101' title='bbox 856 2026 859 2032; x_wconf 80' lang='grc'><em>·</em></span> 
     </span>
     <span class='ocr_line' id='line_1_20' title="bbox 55 2074 669 2174; baseline 0.005 -24"><span class='ocrx_word' id='word_1_102' title='bbox 55 2078 155 2150; x_wconf 85' lang='lat' dir='ltr'><strong>landa</strong></span> <span class='ocrx_word' id='word_1_103' title='bbox 173 2074 258 2150; x_wconf 83' lang='lat' dir='ltr'><strong>lunt</strong></span> <span class='ocrx_word' id='word_1_104' title='bbox 283 2079 457 2161; x_wconf 88' lang='lat' dir='ltr'><strong>Primum,</strong></span> <span class='ocrx_word' id='word_1_105' title='bbox 480 2098 596 2151; x_wconf 90' lang='lat' dir='ltr'><strong>utrum</strong></span> <span class='ocrx_word' id='word_1_106' title='bbox 609 2098 669 2174; x_wconf 87' lang='lat' dir='ltr'><strong>po-</strong></span> 
     </span>
    </p>

    <p class='ocr_par' dir='ltr' id='par_1_12' title="bbox 55 2195 725 3028">
     <span class='ocr_line' id='line_1_21' title="bbox 56 2195 669 2265; baseline 0.003 -21"><span class='ocrx_word' id='word_1_107' title='bbox 56 2198 90 2256; x_wconf 84' lang='lat' dir='ltr'><strong>r,</strong></span> <span class='ocrx_word' id='word_1_108' title='bbox 115 2197 191 2244; x_wconf 86' lang='lat' dir='ltr'><strong>cum</strong></span> <span class='ocrx_word' id='word_1_109' title='bbox 213 2195 251 2243; x_wconf 89' lang='lat' dir='ltr'><strong>m</strong></span> <span class='ocrx_word' id='word_1_110' title='bbox 280 2198 359 2244; x_wconf 90' lang='lat' dir='ltr'><strong>eum</strong></span> <span class='ocrx_word' id='word_1_111' title='bbox 384 2197 565 2265; x_wconf 82' lang='lat' dir='ltr'><strong>imperium</strong></span> <span class='ocrx_word' id='word_1_112' title='bbox 585 2200 669 2247; x_wconf 88' lang='lat' dir='ltr'><strong>con-</strong></span> 
     </span>
     <span class='ocr_line' id='line_1_22' title="bbox 55 2266 669 2362; baseline 0.008 -22"><span class='ocrx_word' id='word_1_113' title='bbox 55 2271 113 2351; x_wconf 85' lang='lat' dir='ltr'><strong>rit,</strong></span> <span class='ocrx_word' id='word_1_114' title='bbox 131 2270 304 2359; x_wconf 84' lang='lat' dir='ltr'><strong>reliquerit</strong></span> <span class='ocrx_word' id='word_1_115' title='bbox 317 2266 379 2339; x_wconf 86' lang='lat' dir='ltr'><strong>fibi</strong></span> <span class='ocrx_word' id='word_1_116' title='bbox 389 2271 446 2357; x_wconf 88' lang='lat' dir='ltr'><strong>jur</strong></span> <span class='ocrx_word' id='word_1_117' title='bbox 457 2269 500 2340; x_wconf 90' lang='lat' dir='ltr'><strong>ad</strong></span> <span class='ocrx_word' id='word_1_118' title='bbox 515 2288 669 2362; x_wconf 85' lang='lat' dir='ltr'><strong>tempora</strong></span> 
     </span>
     <span class='ocr_line' id='line_1_23' title="bbox 55 2361 701 2456; baseline 0.008 -20"><span class='ocrx_word' id='word_1_119' title='bbox 55 2387 115 2436; x_wconf 88' lang='lat' dir='ltr'><strong>oca</strong></span> <span class='ocrx_word' id='word_1_120' title='bbox 145 2361 313 2456; x_wconf 83' lang='lat' dir='ltr'><strong>praefinita</strong></span> <span class='ocrx_word' id='word_1_121' title='bbox 338 2364 514 2446; x_wconf 72' lang='lat' dir='ltr'><strong>coeundi,</strong></span> <span class='ocrx_word' id='word_1_122' title='bbox 549 2389 666 2437; x_wconf 87' lang='lat' dir='ltr'><strong>necne.</strong></span> <span class='ocrx_word' id='word_1_123' title='bbox 698 2436 701 2441; x_wconf 12' lang='grc' dir='ltr'><em>Α</em></span> 
     </span>
     <span class='ocr_line' id='line_1_24' title="bbox 55 2457 669 2551; baseline 0.003 -21"><span class='ocrx_word' id='word_1_124' title='bbox 55 2459 190 2542; x_wconf 87' lang='lat' dir='ltr'><strong>mdum,</strong></span> <span class='ocrx_word' id='word_1_125' title='bbox 212 2457 238 2530; x_wconf 87' lang='lat' dir='ltr'>fi</span> <span class='ocrx_word' id='word_1_126' title='bbox 255 2460 428 2551; x_wconf 88' lang='lat' dir='ltr'><strong>reliquerit</strong></span> <span class='ocrx_word' id='word_1_127' title='bbox 444 2457 507 2530; x_wconf 88' lang='lat' dir='ltr'><strong>fibi</strong></span> <span class='ocrx_word' id='word_1_128' title='bbox 524 2458 669 2550; x_wconf 90' lang='lat' dir='ltr'><strong>potesta-</strong></span> 
     </span>
     <span class='ocr_line' id='line_1_25' title="bbox 58 2551 668 2648; baseline -0.011 -22"><span class='ocrx_word' id='word_1_129' title='bbox 58 2555 171 2637; x_wconf 87' lang='lat' dir='ltr'><strong>illam‚</strong></span> <span class='ocrx_word' id='word_1_130' title='bbox 200 2573 319 2627; x_wconf 88' lang='lat' dir='ltr'><strong>utrum</strong></span> <span class='ocrx_word' id='word_1_131' title='bbox 341 2556 514 2646; x_wconf 79' lang='lat' dir='ltr'><strong>reliquerit</strong></span> <span class='ocrx_word' id='word_1_132' title='bbox 531 2551 591 2627; x_wconf 86' lang='lat' dir='ltr'><strong>fibi</strong></span> <span class='ocrx_word' id='word_1_133' title='bbox 605 2566 668 2648; x_wconf 86' lang='lat' dir='ltr'>p&#39;o.</span> 
     </span>
     <span class='ocr_line' id='line_1_26' title="bbox 57 2649 725 2744; baseline 0.003 -22"><span class='ocrx_word' id='word_1_134' title='bbox 57 2669 125 2723; x_wconf 92' lang='lat' dir='ltr'><strong>tem</strong></span> <span class='ocrx_word' id='word_1_135' title='bbox 139 2649 366 2724; x_wconf 87' lang='lat' dir='ltr'><strong>conveniendi</strong></span> <span class='ocrx_word' id='word_1_136' title='bbox 385 2675 565 2744; x_wconf 81' lang='lat' dir='ltr'><strong>antequam</strong></span> <span class='ocrx_word' id='word_1_137' title='bbox 581 2670 667 2725; x_wconf 79' lang='lat' dir='ltr'><strong>tem·</strong></span> <span class='ocrx_word' id='word_1_138' title='bbox 715 2714 725 2724; x_wconf 94' lang='lat'><em>.</em></span> 
     </span>
     <span class='ocr_line' id='line_1_27' title="bbox 55 2743 667 2838; baseline 0.007 -22"><span class='ocrx_word' id='word_1_139' title='bbox 55 2747 138 2816; x_wconf 89' lang='lat' dir='ltr'><strong>illud</strong></span> <span class='ocrx_word' id='word_1_140' title='bbox 156 2743 357 2838; x_wconf 80' lang='lat' dir='ltr'><strong>exspiraret,</strong></span> <span class='ocrx_word' id='word_1_141' title='bbox 383 2747 475 2838; x_wconf 89' lang='lat' dir='ltr'><strong>quod</strong></span> <span class='ocrx_word' id='word_1_142' title='bbox 492 2745 667 2820; x_wconf 73' lang='lat' dir='ltr'><strong>monarcha</strong></span> 
     </span>
     <span class='ocr_line' id='line_1_28' title="bbox 55 2840 667 2931; baseline 0.002 -19"><span class='ocrx_word' id='word_1_143' title='bbox 55 2840 244 2912; x_wconf 77' lang='lat' dir='ltr'><strong>labendum</strong></span> <span class='ocrx_word' id='word_1_144' title='bbox 276 2846 458 2931; x_wconf 80' lang='lat' dir='ltr'><strong>imperium</strong></span> <span class='ocrx_word' id='word_1_145' title='bbox 491 2841 667 2913; x_wconf 87' lang='lat' dir='ltr'><strong>summum</strong></span> 
     </span>
     <span class='ocr_line' id='line_1_29' title="bbox 55 2934 666 3028; baseline -0.002 -20"><span class='ocrx_word' id='word_1_146' title='bbox 55 2934 223 3028; x_wconf 69' lang='lat' dir='ltr'><strong>etipserat.</strong></span> <span class='ocrx_word' id='word_1_147' title='bbox 251 2939 427 3016; x_wconf 89' lang='lat' dir='ltr'><strong>Tertium,</strong></span> <span class='ocrx_word' id='word_1_148' title='bbox 452 2956 565 3007; x_wconf 90' lang='lat' dir='ltr'><strong>utrum</strong></span> <span class='ocrx_word' id='word_1_149' title='bbox 585 2961 666 3007; x_wconf 84' lang='lat' dir='ltr'><strong>con·</strong></span> 
     </span>
    </p>

    <p class='ocr_par' dir='ltr' id='par_1_13' title="bbox 55 3031 666 3216">
     <span class='ocr_line' id='line_1_30' title="bbox 59 3031 666 3104; baseline -0.005 -2"><span class='ocrx_word' id='word_1_150' title='bbox 59 3034 87 3103; x_wconf 91' lang='lat' dir='ltr'><strong>ri</strong></span> <span class='ocrx_word' id='word_1_151' title='bbox 108 3032 256 3104; x_wconf 88' lang='lat' dir='ltr'><strong>voluerit</strong></span> <span class='ocrx_word' id='word_1_152' title='bbox 276 3033 317 3102; x_wconf 92' lang='lat' dir='ltr'><strong>ad</strong></span> <span class='ocrx_word' id='word_1_153' title='bbox 335 3031 511 3103; x_wconf 86' lang='lat' dir='ltr'><strong>arbitrium</strong></span> <span class='ocrx_word' id='word_1_154' title='bbox 535 3055 666 3100; x_wconf 80' lang='lat' dir='ltr'><strong>monar-</strong></span> 
     </span>
     <span class='ocr_line' id='line_1_31' title="bbox 55 3127 663 3216; baseline -0.002 -18"><span class='ocrx_word' id='word_1_155' title='bbox 55 3129 143 3198; x_wconf 82' lang='lat' dir='ltr'><strong>illius</strong></span> <span class='ocrx_word' id='word_1_156' title='bbox 161 3130 375 3216; x_wconf 83' lang='lat' dir='ltr'><strong>temporarii,</strong></span> <span class='ocrx_word' id='word_1_157' title='bbox 411 3130 443 3196; x_wconf 67' lang='grc' dir='ltr'>ἃ</span> <span class='ocrx_word' id='word_1_158' title='bbox 469 3146 537 3195; x_wconf 83' lang='lat' dir='ltr'><strong>mm</strong></span> <span class='ocrx_word' id='word_1_159' title='bbox 559 3127 663 3197; x_wconf 83' lang='lat' dir='ltr'><strong>aliter.</strong></span> 
     </span>
    </p>
   </div>
   <div class='ocr_carea' id='block_1_3' title="bbox 55 3217 664 3318">
    <p class='ocr_par' dir='ltr' id='par_1_14' title="bbox 55 3217 664 3318">
     <span class='ocr_line' id='line_1_32' title="bbox 55 3217 664 3318; baseline 0.007 -24"><span class='ocrx_word' id='word_1_160' title='bbox 55 3247 212 3296; x_wconf 83' lang='lat' dir='ltr'><strong>muamus</strong></span> <span class='ocrx_word' id='word_1_161' title='bbox 228 3223 316 3317; x_wconf 83' lang='lat' dir='ltr'><strong>jam,</strong></span> <span class='ocrx_word' id='word_1_162' title='bbox 332 3225 487 3318; x_wconf 80' lang='lat' dir='ltr'><strong>populum</strong></span> <span class='ocrx_word' id='word_1_163' title='bbox 501 3217 664 3298; x_wconf 80' lang='lat' dir='ltr'><strong>tradidiffe</strong></span> 
     </span>
    </p>
   </div>
   <div class='ocr_carea' id='block_1_4' title="bbox 0 0 1002 3666">
    <p class='ocr_par' dir='ltr' id='par_1_15' title="bbox 0 0 1002 3666">
     <span class='ocr_line' id='line_1_33' title="bbox 0 0 1002 3666; baseline 0 0"><span class='ocrx_word' id='word_1_164' title='bbox 0 0 1002 3666; x_wconf 95' lang='lat' dir='ltr'><strong> </strong></span> 
     </span>
    </p>
   </div>
  </div>
 </body>
</html>
