1996 3666
250 146 872 247 -154,Inren1un.‚=

259 259 434 349 connexio
456 267 652 361 explicetur.
692 270 765 355 Qui
796 265 954 354 haelenae

261 368 458 443 dominium
478 369 588 458 patris
619 366 657 435 in
682 361 798 436 liberor
824 362 956 439 afferere

262 462 380 538 conati
412 456 519 540 funt,
555 477 797 552 argumentum
825 461 958 532 nullum

262 554 407 632 attulere
428 571 547 648 praeter
597 561 834 637 metationem
869 552 960 648 quasr

264 676 327 748 per
350 648 383 722 se
402 650 541 721 evidens
563 578 636 732 lit,
669 649 762 742 quod
785 650 803 719 a
826 675 884 722 me
906 675 960 743 ge·

232 766 235 771 '
264 753 379 822 nitum
402 745 449 817 est
473 769 588 817 meum
615 741 700 826 effe3
729 740 886 818 fimiliter
915 744 962 817 fa-

266 847 415 923 cientes,
443 866 481 914 ac
507 838 532 911 fi
558 843 635 935 quis
653 859 748 932 putet
768 837 793 912 fi
813 845 963 934 triangu-

265 939 339 1012 lum
360 935 431 1018 fit,
465 934 572 1007 {latim
598 960 776 1029 apparere,
809 933 880 1008 fine
900 939 963 1009 alii

130 1084 145 1095 -
264 1034 680 1126 ratiocinationeangulos
693 1031 767 1125 ejus
779 1030 841 1104 effe
853 1057 964 1126 aequa-

264 1129 314 1202 les
341 1126 475 1198 duobus
502 1130 610 1199 retiis.
652 1129 844 1210 Praeterea,
884 1150 964 1200 curu

266 1222 464 1304 dominium,
496 1220 564 1294 hoc
594 1220 640 1295 est
659 1228 832 1318 imperium
851 1224 981 1318 supre-=

175 1394 177 1401 s
266 1344 357 1393 mum
379 1312 581 1391 indivisrbile
617 1316 683 1400 fit,
713 1322 760 1390 ita
790 1338 831 1391 ut
861 1342 964 1404 nemo

268 1413 406 1486 duobus
432 1412 580 1486 dominis
610 1411 730 1486 servire
760 1412 882 1505 poffit,
924 1413 966 1486 ad

269 1511 525 1602 generationem
552 1527 666 1582 autem
687 1508 781 1599 ,duae
816 1507 965 1599 personae

268 1623 500 1687 concurrant,
535 1631 603 1677 mas
624 1609 654 1677 δι
666 1602 798 1696 femina
816 1603 967 1698 impoffi-

266 1697 337 1772 bile
355 1700 402 1770 est
430 1716 470 1771 ut
492 1699 667 1772 dominium
686 1704 832 1773 omnino
852 1702 967 1793 acqui-

268 1813 366 1866 ratur
387 1790 455 1864 sola
475 1798 703 1886 generatione.
731 1799 848 1884 Quare
866 1800 966 1888 origo

268 1887 405 1962 dominii
419 1896 553 1982 paterni
575 1890 773 1983 diligentius
792 1890 862 1964 hoc
890 1893 967 1964 loco

130 2074 132 2079 Ι
189 2050 192 2057 .
270 1985 455 2078 quaerenda
476 1983 532 2055 est.

107 2094 247 2158 ”uam
319 2081 362 2152 Il.
390 2077 617 2154 Redeundum
642 2081 747 2174 igitur
773 2079 822 2153 est
845 2081 888 2154 ad
907 2081 968 2153 lla-

109 2170 183 2255 'grim
220 2173 248 2226 ³⁶
272 2191 347 2260 turn
389 2175 611 2257 naturalem,
646 2178 683 2247 in
721 2201 791 2268 quo
829 2198 970 2270 propter

107 2241 232 2376 manag}
270 2271 495 2364 aequalitatem
508 2290 656 2353 naturae,
676 2296 795 2345 omnes
808 2271 969 2345 homines

110 2380 259 2462 auferimus
271 2368 401 2439 naturae
429 2369 535 2438 aetatis
561 2368 650 2437 inter
676 2363 707 2437 se
736 2371 883 2460 aequales
908 2367 970 2439 ha-

22 2457 488 2581 <123Jt2s9¹fbendisuntr
515 2460 566 2532 ibi
592 2461 672 2551 jure
702 2483 829 2534 nature
861 2467 969 2536 uiilor

104 2567 204 2649 ¹labet(
232 2537 258 2627 .⁶
270 2559 353 2631 vitri
366 2554 515 2628 dominus
530 2555 597 2659 est:¹
621 2560 701 2644 jure
717 2562 821 2651 igitur
840 2578 968 2630 natura

121 2651 125 2658 ’
270 2652 465 2743 dominium
495 2650 630 2743 infantis
649 2652 691 2724 ad
715 2678 801 2742 eum·
818 2659 970 2745 primum

267 2742 442 2840 pertinet,
481 2748 543 2839 qui
576 2752 705 2839 primus
733 2752 769 2820 in
801 2750 970 2842 potestate

266 2839 328 2933 suit
342 2840 457 2933 ¹ipsum
476 2839 586 2915 habet.
614 2842 834 2917 Manifestum
852 2868 969 2918 autem

266 2937 436 3029 ell,„eum
461 2940 519 3031 qui
546 2939 649 3011 modo
670 2941 848 3032 nascitur,
874 2946 971 3035 prius

266 3030 330 3104 effe
346 3024 389 3103 ‘iri
419 3033 582 3129 potestate
617 3045 735 3110 matris
781 3039 884 3131 quim
911 3063 970 3111 eu-

262 3125 423 3225 julquanr
453 3132 605 3219 alteriue,
639 3135 688 3210 ita
714 3135 889 3234 utillum
913 3133 971 3235 vel
