1996 3666
189 255 311 348 ''402
429 248 767 327 Rrrroroj

209 374 345 455 Jdum,
370 387 409 446 ut
439 395 558 452 voces,
593 369 653 445 erfi
685 374 869 446 certam&
895 370 928 447 ei

239 468 422 544 constituto
441 464 620 541 definitam
630 465 786 540 habeant
807 465 927 560 fignifi-

208 603 214 643 ·.
238 569 434 644 nationem,
462 559 525 635 usu
553 580 669 634 tamen
699 563 865 656 vulgari,
891 562 927 634 ad

209 696 212 700 ·
237 659 430 730 ornandum
453 658 507 730 vel
526 662 626 730 etiam
653 653 843 730 fallendum
864 670 927 750 par-

214 838 216 842 ,
236 757 368 826 ticuiari
389 752 498 826 studio
520 753 539 824 ὲ
557 756 704 845 propriis
721 750 926 846 fignificatio-

214 889 217 895 ·
235 850 337 921 nibus
365 851 413 920 ita
442 846 667 928 divellantur,
688 866 730 920 ut
751 868 925 941 conceptus

210 1000 212 1005 .
234 939 373 1036 propter
385 967 470 1036 quos
484 943 583 1014 rebus
598 940 767 1034 imposnae
777 942 923 1026 fuerunt,

24 1079 48 1098 κ
119 1060 124 1065 ·
233 1061 451 1112 revocarem
472 1041 672 1111 memoriam
687 1035 923 1110 difficultatem

208 1187 216 1198 -
232 1158 394 1228 magnam
412 1131 558 1214 habeat,
582 1156 693 1225 neque
713 1130 865 1206 nifi³acri
879 1136 923 1226 ju-

213 1229 322 1302 riicio
355 1229 588 1321 &diligentii
609 1231 758 1301 maximi
778 1224 923 1321 su'peran·

214 1325 323 1398 ''dam
363 1325 495 1398 Accidit
517 1349 656 1418 quoque
679 1327 844 1416 plurimas
869 1351 922 1398 vo·

195 1443 214 1483 ·-
231 1446 285 1495 ces
307 1422 432 1495 nuliam
455 1419 581 1495 habere
601 1424 776 1515 propriam
790 1421 856 1494 five
874 1419 921 1494 de·

212 1521 446 1592 -terminatnm
466 1516 658 1590 &eandem
680 1518 814 1610 ubique
833 1517 921 1613 figni-

211 1610 453 1697 :ficationem,
477 1608 580 1705 atque
601 1613 746 1706 intelligi
774 1639 845 1686 non
869 1612 921 1686 sua

212 1711 287 1790 mi,
315 1706 370 1780 sed
383 1707 557 1806 fignorum
568 1709 709 1780 aliorum
723 1705 825 1782 fimul
838 1709 923 1782 adhi-

215 1802 394 1875 nbitorum.
431 1804 574 1886 Tertio,
605 1808 746 1878 nomina
773 1807 921 1900 quiedam

212 1895 307 1970 ium
320 1921 432 1970 rerum
449 1901 778 1993 inconceptibilium.
803 1905 920 1975 Earum

229 2015 309 2087 ergo
323 2017 435 2065 rerum
448 2020 595 2088 quarum
605 1993 673 2090 ipsa
686 1995 765 2072 sunt
777 2003 920 2082 nomina,

228 2107 415 2180 conceptus
444 2093 529 2163 nulli
555 2090 642 2165 sunt.
681 2093 725 2167 Er
750 2096 920 2190 propterea

215 2183 523 2277 'propofitionum,
544 2212 626 2280 quas
645 2189 819 2273 conflant,
842 2195 920 2264 veri·

215 2297 332 2354 ratem
347 2307 388 2353 ex
398 2279 480 2374 vipfis
494 2285 691 2360 nominibus
705 2284 823 2360 frustra
838 2313 920 2380 quae·

188 2386 189 2389 ’
226 2379 343 2450 rimus.
370 2379 412 2450 ln
435 2376 488 2454 his
510 2376 638 2456 cafibns
665 2382 747 2454 dum
778 2381 920 2456 conside-

99 2532 109 2545 .
157 2473 160 2477 ’
224 2475 334 2546 rando
357 2499 482 2546 vocum
508 2473 725 2549 definitiones
745 2484 918 2552 veritatem

218 2570 369 2661 'alicujus
391 2567 631 2661 propofitionis
655 2572 917 2667 investigamus,

220 2684 326 2756 prout
353 2662 421 2755 spes
442 2663 489 2734 est
514 2667 736 2750 inveniendi,
766 2691 918 2760 putamus

224 2782 299 2829 eam
336 2759 520 2850 aliqnando
558 2786 698 2844 veram,
737 2767 917 2858 aliquando

224 2849 347 2927 falsam.
376 2859 537 2943 Quorum
555 2876 740 2950 utrumque
765 2860 915 2943 seorfim,

222 2956 352 3044 opinari
372 2952 512 3032 dicitur,
531 2970 631 3044 atque
649 2958 751 3025 etiam
771 2958 917 3037 credere,

220 3045 323 3116 ambo
340 3041 441 3116 fimul
466 3045 625 3123 dubitare.
664 3041 817 3136 Quandb
839 3054 916 3123 veri>

171 3155 183 3189 ⁵
217 3144 368 3216 rationes
394 3141 514 3216 nostrae
535 3162 679 3245 ’propter
707 3169 796 3240 quas
820 3146 917 3220 arsen·
