1996 3666
188 249 257 342 386
367 243 702 323 Remoto

39 392 172 464 Interpre.
233 369 387 443 XXVII.
414 365 599 442 Ostensrnn
620 367 668 440 est
684 363 787 460 supra
804 365 878 440 arti·
910 364 921 468 J

23 467 149 548 '‘¹²¹20’12m
187 468 265 539 culo
294 467 358 547 18,
393 467 610 537 autoritatem
641 461 878 558 intepretmdi

17 530 163 669 {mx
179 561 484 656 scripturatfitcros
500 584 571 630 non
583 556 760 632 consistere
780 561 816 630 in
841 583 879 630 eo
899 614 905 621 .

23 672 57 731 at
78 677 173 727 autori·
186 656 279 749 qnod
296 659 461 747 interpres
480 651 577 746 potiit
593 655 740 746 impune
751 649 880 726 senten-

23 749 80 823 'Mff
104 746 268 824 civi-tiam
287 751 482 844 quaminde
499 752 608 831 elicit,
634 746 881 841 aliisvelscrip·

24 817 96 866 ’Μ’
184 865 223 921 to
247 849 301 918 vel
325 850 405 918 viva
427 870 512 917 voce
533 867 700 937 exponere
714 847 757 916 aa
780 845 910 938 expli-s

185 966 281 1024 care,
304 939 418 1013 sedin
445 941 602 1034 eoquod
632 955 704 1011 non·
738 936 780 1012 fit
810 943 883 1012 aliie

185 1057 304 1110 eontra
327 1035 526 1109 sententiam
551 1036 625 1129 ejus
645 1033 796 1107 faciendi
824 1053 881 1108 aut
902 1087 905 1098 ·

184 1132 330 1206 docendi
351 1132 424 1225 just
446 1134 493 1205 ita
518 1148 556 1204 ut
586 1137 817 1224 interpretatio
844 1130 882 1203 de

101 1262 107 1272 ⁸
185 1231 427 1324 quaagimus,
451 1226 543 1298 idem
567 1223 608 1299 fit
633 1225 729 1320 quod
749 1229 882 1321 potestas

186 1325 251 1418 (in
265 1319 680 1413 omnibuscontroverfiis
702 1346 764 1415 per
785 1319 848 1394 scri

185 1440 303 1492 turam·
325 1416 450 1493 sacram
476 1414 766 1507 determinandis)
802 1348 882 1489 deff.

166 1515 313 1595 aiendi.
349 1517 454 1588 Nunc
480 1513 729 1586 ostendendum
752 1511 802 1584 est
827 1537 881 1586 au-

185 1614 357 1683 toritatem
377 1611 470 1682 iilam
489 1612 655 1702 pertinere
671 1609 714 1680 ad
734 1606 879 1702 singulae
905 1664 909 1672 .

182 1705 264 1778 eccle
274 1733 342 1788 aas,
378 1709 411 1777 de
435 1704 623 1796 dependere
638 1704 689 1775 ab
721 1707 880 1778 autorita-

183 1817 218 1872 te
226 1802 333 1894 ejus,
357 1801 412 1872 vel
429 1824 547 1873 eorum
568 1798 777 1892 quihabent
792 1797 880 1871 sum-

182 1919 282 1970 mum
301 1897 508 1989 imperium,
531 1895 633 1967 modo
646 1891 714 1969 sant
732 1893 881 1970 christia-

182 1994 230 2062 ni.
259 1992 294 2063 Si
317 1994 409 2062 enim
435 1993 476 2063 ab
500 1993 681 2064 autoritate
700 1993 793 2064 civili
810 2015 881 2063 non
908 2039 911 2048 ‚

183 2086 394 2177 dependeat,
428 2087 615 2179 dependere
644 2111 719 2158 eam
747 2104 881 2179 oportet
910 2142 912 2149 ,

182 2183 238 2251 vel
260 2180 303 2253 ab
326 2181 465 2254 arbitrio
492 2178 703 2275 fingulorum
729 2184 877 2264 civium,
909 2220 911 2227 η

182 2277 239 2348 vel
265 2277 308 2348 ab
324 2281 506 2349 autoritate
527 2295 677 2358 externa.
716 2280 773 2352 Ne
796 2281 879 2351 vero

96 2402 101 2407 ·
182 2372 226 2445 ab
247 2374 388 2444 arbitrio
417 2374 606 2465 dependeat
637 2370 877 2466 singulorum}
905 2430 909 2436 .

181 2466 369 2559 prohibent
396 2472 484 2541 inter
507 2469 592 2550 alia,
628 2468 878 2562 consequutura
910 2520 915 2533 .

181 2563 263 2637 inde
286 2566 507 2636 incommoda
534 2567 565 2635 ἃ
590 2563 740 2635 absurda.
775 2568 880 2653 (Ἀω-

85 2705 88 2710 -
181 2682 261 2729 rum
280 2662 486 2750 praecipuum
509 2659 554 2732 est
576 2657 660 2738 hoo,
693 2660 898 2751 quodnotr

182 2753 290 2825 modi>
312 2758 425 2826 omnis
444 2757 617 2827 tolleretur
634 2755 778 2847 (eontra
797 2780 881 2847 prae-

66 2923 72 2940 p
183 2869 320 2941 ceptum
355 2847 489 2943 Christi>
519 2850 714 2922 obedientia
747 2852 879 2934 civilia,
912 2906 915 2911 .

114 3012 118 3017 .
181 2943 358 3016 sedetiam
379 2950 490 3018 omnis
515 2943 650 3018 societas
671 2950 702 3018 ἃ
728 2969 796 3038 pax
814 2945 880 3018 hu.
897 3002 911 3033 p.

180 3064 284 3113 mana
310 3041 454 3133 (contra
474 3042 563 3135 leges
590 3038 788 3128 naturales)
816 3041 880 3113 dis-

84 3206 89 3213 ,
181 3130 381 3208 solveretur.
428 3139 518 3210 Cum
552 3139 642 3208 enim
677 3133 915 3229 scripturam:

92 3212 98 3223 ¹
181 3224 443 3334 saeramfiaguli
459 3229 878 3328 interpretenturiibi,id
904 3264 916 3299 s
