1996 3666
248 170 356 259 r2166
436 142 827 245 interruit.

284 298 413 389 imperii
439 289 506 364 five
529 290 699 373 dominii,
730 286 787 360 sed
800 290 879 377 jure
897 280 965 362 letti.

139 410 261 467 obedien-
332 388 470 463 XXlll.
498 388 587 460 Sunt
604 389 664 480 qni
689 382 775 458 futla
798 405 915 457 contra
931 384 965 456 lo

123 484 191 536 etam
225 498 273 563 Ψ
287 509 361 580 gent
388 485 542 565 civilem,
562 481 700 574 quando
726 505 829 573 poena
851 480 917 574 ipla
934 481 966 579 le·

123 549 275 686 ἷῖἷζῗιεάἷζ
288 605 328 675 ge
352 576 534 659 definitur,
552 578 679 668 expiari
702 595 845 669 putant,
868 573 891 648 si
913 597 966 667 poe

126 693 368 748 antemnam
393 675 548 745 volentes
574 669 740 758 subeant,
773 695 887 764 neque
909 688 966 742 reo:

122 757 165 820 ff
192 759 263 827 W*
290 767 352 847 elie
378 793 493 842 coram
515 769 592 840 Deo
620 769 755 838 violatae
785 770 868 861 legis
891 786 966 838 natu

126 843 200 884 vam.
287 869 366 941 ralis
401 865 640 958 (quamquam
674 859 836 935 violando
875 863 966 935 civile

141 971 144 974 ”
245 993 247 998 ·
288 965 409 1056 leges,
438 961 607 1036 violantur
636 981 773 1050 quoque
800 957 966 1031 naturales

289 1082 368 1159 quae
398 1054 523 1149 jubent
552 1053 669 1126 civiles
696 1050 899 1142 observari)
932 1077 966 1124 eo

289 1155 354 1251 qui
388 1171 525 1244 poenam
554 1145 761 1231 solverunt,
803 1173 917 1251 quarn-
935 1149 967 1219 le

288 1248 457 1342 exigebat.
478 1246 658 1339 Tanquam
677 1248 752 1336 lege
767 1269 841 1318 non
858 1264 967 1340 vetart

290 1363 347 1420 tur
372 1340 535 1425 latium,
569 1338 624 1412 sed
652 1365 753 1434 poena
784 1343 886 1434 pretii
915 1341 967 1411 loo

289 1458 559 1542 proponeretur,
586 1461 656 1529 quo
681 1433 816 1510 licentia
841 1433 967 1515 faciend

273 1557 334 1611 ‘ea
355 1559 430 1627 quae
447 1534 520 1635 lege
542 1531 787 1625 prohibentur,
815 1531 968 1607 venundo

291 1648 397 1707 tetur.
417 1630 479 1702 Pet
508 1630 648 1701 tandem
670 1632 838 1702 rationem
864 1624 967 1720 poll'en

292 1724 411 1805 inferri
434 1727 557 1805 etiam,
591 1725 719 1796 nullam
741 1721 968 1814 omninolegl

295 1817 587 1914 trattsgreffionem
622 1840 797 1912 peccatum
822 1816 905 1903 else,
931 1817 968 1891 let

293 1940 399 2019 quarn
426 1912 487 1988 suo
512 1916 663 2008 periculo
692 1916 880 1989 libertatem
901 1906 968 2007 quil

293 2037 363 2106 que
377 2015 518 2093 emerit,
544 2034 618 2083 earn
636 2010 712 2104 jure
724 2008 858 2083 habere.
880 2009 968 2084 Scien

292 2111 382 2184 dum
404 2126 518 2187 autent
551 2105 616 2187 est,
638 2106 740 2178 verba
756 2108 841 2202 legis
864 2107 968 2200 duplic

293 2200 392 2277 sensu
408 2203 554 2294 intelligi
572 2198 673 2295 poll'e.
696 2203 831 2286 Altero.
858 2222 895 2275 ut
909 2203 968 2275 dna

295 2316 408 2393 partes
437 2298 567 2390 (prout
584 2297 712 2381 ditlurn
732 2295 892 2390 estsupra
913 2302 969 2373 artl

296 2394 377 2466 culo
398 2390 449 2483 7)
489 2395 692 2483 contineat,
723 2417 847 2485 nempe
876 2393 969 2487 ptohl

294 2488 436 2563 bentetn
460 2482 632 2570 absolute,
656 2506 716 2571 ut,
736 2515 801 2561 non
812 2489 935 2580 facim
956 2492 969 2561 l

295 2583 551 2667 vindicantem,
585 2600 643 2665 ut,
664 2590 721 2674 qui
743 2583 853 2675 ‘fitam
885 2605 970 2680 pano

295 2676 400 2750 dabit.
433 2680 570 2759 Altero,
602 2697 641 2750 ut
674 2682 785 2749 unum
818 2685 970 2757 eontinet

296 2772 551 2856 conditionale,
589 2793 649 2856 ut,
683 2799 747 2857 non
768 2773 903 2866 socies,
936 2782 970 2865 nl

293 2887 401 2964 ponas
430 2869 509 2950 velis
532 2869 667 2959 finivere.
683 2913 688 2919 -
704 2870 748 2942 Et
771 2868 815 2942 fic
843 2872 897 2943 lex
922 2893 970 2942 not

296 2960 511 3055 impliciter,
542 2961 598 3035 >sed
622 2964 898 3038 conditionaliter
916 2989 970 3066 pro

296 3057 404 3131 hibet.
439 3059 474 3130 Si
504 3061 615 3150 ptimo
647 3061 749 3132 modo
772 3056 967 3156 intelligitur

295 3157 359 3258 qui
383 3150 482 3240 lacit,
511 3174 659 3256 peccat,
688 3159 768 3258 quia
798 3161 894 3257 qnod
915 3157 971 3258 leg=
