1996 3666
161 219 395 296 cerua
445 219 544 295 VII.
636 236 704 315 143

42 336 96 417 odi
113 341 263 415 vinculis
281 340 479 413 liberentur.
506 341 620 414 Primo
643 367 706 414 au-

42 462 69 511 m
83 436 122 511 id
136 433 177 509 fit
195 436 417 519 abdicatione,
440 436 476 509 id
496 435 561 519 est,
589 436 704 531 fiquis

42 538 203 628 :imperii
229 555 301 604 non
331 536 367 605 in
389 535 493 605 alium
521 531 702 616 transfert,

42 629 53 701 l
75 630 228 725 abjicit,
257 624 328 700 five
353 628 588 720 derelinquit:
620 654 702 702 nam

44 724 91 797 od
102 724 285 818 abjicitur,
298 726 336 795 in
350 724 501 797 medium
515 724 613 817 aeque
627 749 701 797 om-

42 824 104 893 bus
132 818 335 912 rapiendum
363 821 573 913 projicitur:
606 821 700 894 unde

43 940 122 989 rum
140 915 217 1007 jure
238 916 383 989 naturali
406 911 636 1009 unusquisque
654 919 701 989 ci.

43 1036 91 1083 rm
104 1009 171 1085 suae
182 1008 433 1083 conservationi
445 1008 507 1084 luo
518 1013 699 1105 providere

43 1110 138 1179 ritrio
158 1105 277 1199 potest.
319 1107 500 1190 Secundi),
532 1106 699 1181 srcivitas

43 1204 128 1275 uerit
140 1206 176 1274 in
190 1201 390 1294 potestatem
403 1202 579 1285 hostium,
597 1206 644 1275 ita
659 1221 699 1277 ut

43 1296 94 1373 isti
105 1302 154 1371 eis
164 1321 236 1369 non
248 1297 366 1389 poffit,
383 1300 587 1393 intelligitur
599 1302 697 1392 isqui

43 1396 88 1469 ‚ris
111 1394 274 1487 faeminam
298 1392 447 1467 habebat
473 1398 696 1490 potestatem,

43 1516 69 1565 n
95 1490 170 1585 jam
195 1486 341 1562 amisisse.
369 1492 472 1563 Cives
496 1497 588 1562 enim
617 1493 696 1563 cum

43 1604 309 1659 rnemconatum
322 1582 489 1671 fecerint,
508 1609 552 1658 ne
566 1590 605 1658 in
624 1611 696 1659 ma·

43 1680 236 1757 ohostium
269 1685 456 1766 venirent,
493 1685 589 1775 paolo
616 1707 696 1777 quae

45 1796 147 1853 erunt
167 1773 214 1849 fin
264 1778 289 1850 li
301 1802 379 1850 cum
400 1775 538 1874 lingulis
552 1778 595 1851 de
613 1779 696 1852 obe·

43 1876 124 1947 rutil
151 1896 220 1967 prae
249 1872 336 1946 anda
363 1873 602 1968 adimplerunt.
650 1876 696 1949 Et

43 1994 71 2045 ae
93 1965 315 2063 promiserint
334 1968 446 2062 postea
469 1974 576 2053 vieti,
601 1976 695 2044 necis

43 2064 143 2141 mdae
165 2062 285 2148 cauli,
316 2089 354 2138 ea
373 2091 512 2161 quoque
533 2083 576 2138 ut
595 2066 696 2159 praes-

43 2180 91 2246 rt,
118 2163 216 2235 omni
237 2178 364 2234 conatu
387 2161 612 2235 laborandum
635 2162 693 2236 elb

43 2260 138 2342 etio,
158 2260 197 2330 in
214 2252 400 2331 monarchia
419 2258 532 2348 (nam
553 2266 640 2335 Δῆμος
660 2262 694 2333 &

43 2358 292 2449 &septimarum
300 2349 443 2425 deficere
452 2376 523 2424 non
533 2350 692 2446 poliunt)

43 2446 196 2523 bcoeffor
211 2448 324 2521 nullus
349 2449 493 2520 omnino
510 2472 530 2519 a
554 2467 688 2540 pareat,

43 2568 117 2619 mes
135 2546 226 2617 cives
242 2542 512 2637 obligationibus
525 2472 594 2617 luis
610 2542 715 2614 libe·

43 2660 124 2715 rtur.
150 2640 266 2715 Nemo
286 2643 379 2711 enim
403 2641 511 2713 teneri
534 2639 694 2734 intelligi-

43 2758 72 2819 ’,
89 2736 173 2829 qui,
197 2737 252 2808 cui
271 2752 431 2817 tenetur,
463 2731 586 2816 nescim
613 2738 693 2828 quia

44 2830 165 2905 estatio
175 2832 214 2903 in
226 2831 283 2903 tali
295 2827 369 2903 calu
379 2828 689 2922 ellatimpoffibilis

44 2950 107 3021 que
120 2917 181 2999 bis
198 2925 307 2999 tribus
321 2925 430 2997 modis
450 2923 692 3018 bsubjeilione

44 3022 111 3104 rili,
134 3023 172 3094 in
185 3022 377 3095 libertatem
391 3022 546 3093 omnium
560 3020 604 3092 ad
617 3042 693 3092 orn·

44 3140 78 3201 ι,
107 3114 177 3191 boo
199 3115 269 3200 est,
299 3117 490 3189 naturalem
517 3113 694 3189 &bellui-¹

44 3226 100 3299 mr
119 3215 138 3309 (
155 3234 236 3287 nam
247 3210 353 3291 status
364 3229 494 3290 natura
509 3209 552 3285 ad
567 3210 699 3287 statum.
