1996 3666
161 280 167 301 ι
240 194 481 272 citur.
525 195 605 271 111.
718 192 772 293 '53

27 330 50 355 ”
74 339 143 410 que
161 304 247 390 ideo
254 317 417 412 obligare.
445 319 582 390 Etenim
599 318 690 411 leges
708 316 771 397 nisi

74 414 245 504 cognitae,
269 437 340 484 non
361 415 535 508 obligant,
567 416 678 488 immo
697 439 770 489 non

50 504 153 581 ‚sunt
176 507 276 601 leges.
303 510 397 582 Huic
416 507 625 602 respondeo,
648 534 770 596 verum

74 599 157 680 effe,
175 603 284 698 spem,
309 621 451 688 metum,
487 610 595 685 iram,
621 604 770 677 ambicio-

72 720 167 777 nem,
189 705 369 779 avaritiam
381 750 391 781 ,
405 700 547 794 gloriam
563 708 709 783 inanem,
737 704 771 774 &

73 811 208 866 caeteras
237 794 507 885 perturbationes
534 799 640 871 animi
664 799 771 889 impe-

72 887 161 970 dire,
172 912 215 960 ne
227 892 305 982 quis
317 890 404 983 leges
417 908 547 962 naturae
556 915 617 983 pro
634 917 673 964 eo
686 915 771 965 tem·

72 1006 156 1077 pore
168 1007 237 1076 quo
248 982 491 1076 paffionesistae
499 990 701 1078 praevalent,
716 1013 772 1059 oo-

75 1075 236 1172 gnoscere
267 1074 374 1170 poffir.
402 1082 572 1152 Caeterum
591 1106 694 1154 nemo
724 1081 772 1155 est

72 1175 138 1264 qui
154 1197 227 1244 non
243 1175 425 1268 aliquando
446 1173 560 1248 sedato
577 1181 693 1248 animo
712 1176 770 1250 est.

72 1269 776 1364 Eoigirurtemporenihiliiliquumquam

72 1362 216 1437 indocto
244 1369 276 1438 &
303 1366 407 1445 rudi,
437 1365 522 1438 scitu
551 1366 599 1439 est
621 1366 776 1446 facilium

71 1461 178 1532 unica
202 1456 322 1534 scilicet
352 1460 418 1534 hac
444 1464 589 1554 reguli,
627 1481 667 1534 ut
693 1461 773 1533 cum

73 1552 227 1636 dubitet,
255 1556 289 1626 id
303 1555 395 1649 quod
409 1553 556 1630 ferturus
570 1561 607 1629 in
625 1557 773 1655 alterum

42 1710 57 1741 .-
72 1644 137 1730 fir,
150 1651 229 1740 jure
239 1648 389 1724 faetores
400 1648 619 1734 firnururuli‚
641 1660 771 1736 ue'cne,

99 1762 174 1817 utet
184 1742 217 1817 se
230 1743 288 1817 effe
302 1750 339 1818 in
351 1747 443 1818 illius
457 1748 594 1837 asterius
606 1748 692 1822 loeo.
716 1749 771 1821 Ibi

73 1769 188 1917 fiorini
199 1841 471 1934 perturbationes
485 1843 572 1926 illae,
590 1869 665 1939 quae
678 1843 771 1915 inssi-

75 1934 202 2029 gabaut
212 1937 253 2009 ad
264 1935 475 2019 faciendum,
488 1959 650 2031 tanquam
665 1936 771 2011 trans-

72 2031 152 2104 latae
178 2035 216 2102 in
238 2033 377 2118 aiteram
398 2037 535 2104 trutinae
558 2036 719 2114 lancem,
751 2034 772 2102 a
800 2046 803 2058 ·

73 2122 231 2199 faciendo
252 2125 533 2202 dehortabunrur.
562 2131 675 2221 Atque
695 2128 771 2200 haee
850 2178 853 2183 -

74 2221 190 2315 regula
209 2246 281 2293 non
310 2222 412 2292 modo
435 2220 555 2304 facilis,
589 2224 771 2296 sedetiam

72 2315 207 2389 ,dudum
221 2317 385 2390 celebrata
398 2316 450 2388 his
462 2319 574 2388 verbis
587 2318 655 2400 est,
685 2315 773 2413 quod

71 2410 218 2505 tibifieri
229 2438 293 2484 non
303 2419 354 2484 vis
364 2464 378 2493 ‚.
392 2412 488 2483 altari
500 2413 677 2506 nefecrrr'sa

123 2506 278 2580 XXVII.
301 2512 476 2594 Qtoniam
491 2530 603 2581 autem
618 2508 771 2600 plerique
801 2531 931 2602 regesne*

74 2598 253 2685 homines,
281 2627 348 2695 prae
361 2599 663 2694 iniquopraesentis
677 2628 770 2699 eom·
783 2606 932 2686 'arasth'-

27 2692 30 2697 ’
74 2696 354 2789 modiappetitu‚
380 2673 937 2795 praedistuslegesquanffssnffgssrfsso

75 2795 205 2886 tumvis
222 2796 353 2893 qgnitas
371 2791 523 2863 oservare
541 2797 683 2866 minime
702 2795 771 2884 apti
784 2810 895 2869 tauma.

71 2883 173 2967 funr3
194 2883 220 2959 fi
238 2886 323 2960 forte
340 2888 464 2978 aliqui,
491 2893 620 2960 caeteris
643 2884 773 2959 modes·

75 2984 203 3065 riores,
225 2984 315 3054 illam
334 2985 529 3074 aequitatem
549 2982 774 3054 commodita.

67 3092 238 3170 temque,
264 3101 366 3169 quam
384 3080 469 3148 ratio
487 3077 613 3156 diunt,
643 3100 773 3150 exerce·
847 3160 849 3165 ,

72 3194 177 3265 rent,
201 3175 329 3252 crateris
349 3193 424 3248 non
439 3172 530 3247 idem
548 3169 771 3343 {regentibum
