1996 3666
69 246 196 359 vna
273 224 758 321 -avasvona-

69 413 144 515 vnit
170 439 256 496 cunt
282 419 438 521 publicis
465 419 665 501 allionibns
695 423 832 501 ailores
863 404 931 524 pet

69 559 214 638 cursum
231 555 439 640 seculoru'm
457 557 628 641 ‘devolvit
644 564 928 668 qualescunque.

71 692 254 805 Sapientia
279 727 362 782 vera
378 704 468 783 nihil
486 688 583 784 alind
600 706 649 784 est
663 704 771 807 quim
794 710 829 783 in
848 731 933 783 otn-

70 848 110 926 ni
133 820 285 925 =materia
300 849 456 965 veritatis
484 847 642 927 scientia.¹
670 846 719 928 Ea
741 871 828 926 vero
846 845 932 925 caint

72 985 93 1070 ὲ
114 990 293 1102 memoria
313 1013 435 1067 rerum
453 1013 518 1090 per
533 989 795 1091 appellationes
818 1005 933 1068 certas

74 1133 113 1209 iia
128 1130 294 1210 definitas
313 1134 467 1210 excitata
493 1132 693 1221 derivetur,
716 1156 794 1210 non
821 1128 937 1209 animi

74 1264 165 1352 acris
177 1274 213 1351 ἃ
226 1274 409 1375 repentini
423 1276 601 1375 impetus,
620 1273 678 1351 sed
695 1275 845 1353 rationis
857 1297 936 1352 rec-

34 1422 40 1429 '
64 1429 145 1505 tae,
161 1415 286 1506 idest,
303 1416 544 1518 philosophiae
558 1440 653 1519 opus
667 1418 727 1494 eil.
757 1416 825 1495 Pet
841 1415 937 1492 hanc

77 1561 175 1637 'enim
200 1558 219 1637 h
236 1584 358 1638 rerum
374 1558 598 1657 fingularunv
615 1534 937 1660 contemplatione

76 1701 122 1781 ad
139 1717 318 1849 praecepta
330 1700 541 1779 universalia
560 1704 615 1780 via
625 1706 798 1802 aperitur.
829 1702 940 1795 Qvot

78 1838 202 1923 antem
214 1826 349 1944 gene'ra
372 1867 495 1920 rerum
518 1842 650 1930 sunt,'
640 1867 677 1918 m
696 1844 828 1946 quibus
843 1845 939 1919 tatio

77 1987 238 2065 humana
257 1984 386 2064 locunt
401 1985 560 2074 habet,
550 2010 587 2061 vn
602 1998 659 2063 tot
675 2007 796 2062 ramos
820 1983 854 2061 se
871 1983 941 2060 dis-

21 2194 24 2201 .
78 2130 202 2211 fundit
215 2126 471 2230 philosophia,
494 2124 631 2205 diverse
654 2142 773 2204 tamen
791 2150 861 2226 pro
887 2125 942 2202 di·

20 2284 23 2291 '
80 2272 244 2352 versitate
261 2270 421 2369 sobieslao
441 2274 599 2347 materiae
613 2252 809 2346 nominata.
842 2268 942 2344 Nam

80 2416 163 2520 quaa
189 2394 240 2493 de¹
263 2413 387 2513 figuris
409 2413 581 2500 trailans,
605 2411 874 2503 Gaonenn1n3
896 2403 949 2487 de

80 2553 745 2691 inotu,ans1cn3de1'urenaturali,
760 2551 945 2631 Montana

81 2692 946 2813 dicitut,totaPn1nosora11hestzquemad·

82 2840 853 2943 modumnnrequodh1cBntann1cum
871 2835 948 2911 illic

84 2988 329 3076 Atlanticum,
346 2972 427 3065 aliis
443 2984 610 3067 indicum
622 2980 668 3071 ‚h
681 2979 829 3080 singuiis
846 2977 949 3055 litto-

84 3129 185 3220 rib'us
200 3130 449 3251 appellatum,
474 3141 597 3233 totntn
613 3140 735 3204 tamen
752 3120 802 3201 est
826 3117 949 3201 Ocea-
