1996 3666
256 189 326 265 ¹30
408 164 804 245 lunanum.

252 291 409 365 omnium
428 292 578 372 civium,
599 288 770 379 ficmmum
786 296 940 387 imperitus

250 387 365 459 habet.
413 386 457 457 Et
489 387 570 477 quia
599 387 636 456 iu
668 407 855 462 conventu
891 384 941 459 huc

248 482 481 575 supponitur,
512 504 807 575 unumquemque
836 480 942 555 habere

247 579 305 673 jus
328 570 480 669 suffragii
502 602 511 645 ι
537 572 691 668 sequitur
713 602 794 651 eum
824 574 885 652 effe
901 574 943 647 de·

248 681 464 754 munatium,
493 694 550 763 pet
580 668 833 746 definitionem
860 672 944 745 trudi-

248 787 319 842 tam
349 768 492 841 articulo
518 788 530 837 1
560 770 679 859 capitis
703 766 829 863 hujus.
857 764 944 859 Quod

247 862 275 937 fi
296 862 468 937 discedant
487 860 707 955 solvaturque
735 884 944 945 conventus,

248 985 360 1051 neque
373 964 557 1053 quicquam
575 958 653 1030 anti
670 955 947 1035 constitutumiit

176 1109 182 1132 .
250 1059 292 1129 de
308 1080 459 1149 tempore
474 1055 592 1127 &loco
613 1050 647 1127 se
669 1055 811 1129 denub'
824 1078 946 1153 cougn-

251 1152 375 1245 gandi‚
408 1151 494 1223 redit
517 1174 571 1223 tes
597 1150 641 1222 ad
665 1150 897 1235 anarchiam,
921 1152 946 1223 ἃ

248 1250 373 1322 statum
393 1248 541 1317 illumin
561 1270 631 1338 quo
654 1270 754 1331 etat,
774 1267 946 1343 antequam

249 1339 504 1423 conveniunt,
529 1339 598 1415 hoc
617 1340 722 1415 estad
736 1342 868 1419 statum
883 1342 945 1416 belii

250 1443 410 1516 omnium
429 1458 548 1511 contra
565 1462 697 1511 omnes.
727 1442 879 1537 Populus
897 1440 946 1531 igi·

252 1558 309 1611 tur
329 1536 492 1627 summum
514 1540 687 1627 imperium
713 1559 793 1609 non
815 1536 945 1629 anplius

250 1636 395 1712 retinet,
424 1654 528 1724 quam
548 1630 618 1703 dies
639 1632 672 1703 &
695 1630 800 1707 locus
826 1650 943 1711 certus,

252 1730 409 1824 cognitus
429 1730 461 1799 &
481 1722 687 1799 constitutus
704 1726 826 1819 palam
847 1720 945 1809 fimi

250 1849 357 1919 quem
383 1824 568 1896 convenire
590 1824 801 1915 quicunque
821 1823 944 1901 volent,

251 1916 387 2013 poffint.
429 1914 504 1993 Nifi
529 1920 621 1988 enim
644 1917 680 1989 id
713 1918 945 2015 cognitum&

250 2015 413 2089 statutum
426 2011 485 2097 fit,
499 2008 633 2107 poffunt
646 2014 702 2085 vel
719 2012 863 2089 diversis
875 2034 945 2089 tem·

251 2110 392 2207 poribus
412 2112 445 2183 &
467 2112 570 2191 locis,
594 2105 661 2180 hoc
681 2107 757 2193 est,
782 2112 823 2185 iu
842 2108 946 2187 fanin

250 2232 332 2290 nes,
348 2206 402 2279 vei
415 2230 487 2279 non
500 2204 649 2276 omnin&
662 2209 866 2281 convenite.
885 2207 947 2283 Nu-

274 2298 947 2401 ueestampliusum‚idest‚popuus,

249 2329 307 2473 ied
335 2398 523 2471 multitudo
557 2394 741 2480 diffluum,
775 2402 836 2471 cui
864 2396 948 2473 nullu

248 2520 363 2588 neque
376 2496 458 2568 uilio
470 2519 583 2591 neque
598 2494 657 2584 jus
672 2492 820 2567 attribui
839 2490 948 2591 potest.

249 2592 340 2665 Duae
363 2594 467 2685 igitur
482 2615 536 2663 res
558 2586 778 2665 constituunt
789 2588 948 2667 democrn

250 2694 353 2770 tiam,
369 2711 515 2779 quarum
532 2710 602 2759 una
615 2684 769 2779 (nempe
783 2689 948 2761 condifflu

246 2802 412 2877 perpetua
429 2801 665 2856 conventuum
681 2776 834 2871 )Διῖμοι,
855 2787 949 2859 alten

249 2880 350 2973 (quae
373 2877 421 2953 est
440 2878 611 2972 pluralitas
627 2872 730 2951 suffra
759 2878 901 2971 urum)
921 2880 949 2949 ri

248 2980 343 3063 κράτος
361 2972 429 3048 five
444 2974 644 3069 potestatem
665 2998 732 3047 con
767 2979 859 3051 ‘tuit.

100 3086 237 3151 quena·
297 3073 351 3144 VI
376 3070 564 3154 Praeterea,
589 3094 662 3142 non
687 3068 820 3146 sufficit
834 3072 950 3171 populu

104 3164 220 3238 nuta,
249 3166 291 3247 ad
313 3167 478 3271 [vannum
502 3173 677 3273 inquiam
698 3172 956 3281 tumendum.
