1996 3666
265 208 603 298 Cneonx.
729 219 797 299 ¹7⁷

96 329 219 412 aulici,
237 328 293 401 vel
312 351 451 400 munere
467 327 582 419 aliquo
596 320 794 418 conspicuis

94 449 207 517 neque
221 448 360 505 omnes,
381 420 435 495 sed
447 425 494 494 illi
509 420 589 504 soli,
609 421 732 514 quibus
747 421 795 494 est

93 521 187 615 quod
200 523 230 593 is
241 519 365 592 habere
375 521 488 611 cupit3
503 542 581 588 nam
594 520 652 610 qui
664 517 793 590 molesti

93 633 152 687 aut
163 610 401 688 contumeiiofi
413 616 539 685 iocum
553 610 648 694 sunt,
669 617 791 686 merito

92 711 294 804 pleciuntnt.
325 710 368 781 In
392 705 579 783 monarchia
604 711 734 802 igitur,
761 712 790 780 ic

37 808 46 825 ‘
91 807 151 903 qui
167 806 271 879 latere
287 806 385 886 vult,
412 801 655 899 qualiscunque
674 801 711 875 fit
729 807 793 897 qui

89 919 232 994 regnat,
253 918 347 973 extro
361 901 549 992 periculum
568 899 623 970 est.
651 900 789 971 Patiun-

90 1011 147 1073 tut
159 997 252 1067 enim
265 990 325 1067 soli
337 992 507 1067 ambitiose
521 1047 531 1077 ,
551 998 662 1067 caeteri
679 995 722 1065 ab
735 997 787 1065 in.

88 1091 188 1184 iuriis
203 1093 435 1184 potentiorum
456 1089 694 1162 defenduntur.
721 1090 786 1163 seu

87 1184 363 1259 inluminatione
389 1186 545 1281 populari
573 1203 624 1257 tot
649 1183 786 1276 possunt

88 1277 150 1355 effe
170 1288 341 1365 Nerones,
360 1299 445 1375 quot
467 1278 544 1352 sunt
561 1298 706 1354 oratores
723 1284 793 1372 qui.

81 1376 203 1473 populo
214 1377 563 1451 adulanturetentum
575 1379 665 1447 enim
677 1373 784 1468 potest

86 1468 315 1569 unusquisque
340 1496 484 1554 eorum,
520 1489 685 1563 quantum
715 1469 785 1562 ipfe

80 1568 255 1665 populum
293 1586 394 1662 atque
424 1571 460 1639 in
495 1564 781 1638 subtrahendis&
813 1602 817 1613 ·

84 1654 246 1760 pecuniis
270 1665 329 1756 qui
362 1686 421 1756 pec
442 1662 617 1734 libidinem
640 1664 672 1734 δι
699 1661 780 1736 odia

84 1763 218 1854 privato
250 1760 408 1831 concives
441 1759 614 1830 immerito
648 1757 779 1830 occide·
812 1783 815 1788 ·

83 1875 188 1938 runt,
222 1849 316 1947 quusi
337 1855 437 1927 tacito
459 1853 606 1946 quodam
630 1855 720 1925 inter
744 1851 777 1925 se

83 1954 216 2043 padio,
242 1947 334 2022 hodie
358 1945 460 2032 miii,
491 1974 564 2022 cras
582 1948 663 2032 tibi,
694 1950 778 2022 alter

81 2047 218 2120 alterius
228 2044 379 2138 cupidini
391 2045 515 2117 mutui>
527 2044 660 2118 cedunt.
687 2045 777 2118 Prae-

81 2155 171 2222 tere'n
187 2141 505 2233 potenticeprivatae
517 2143 682 2213 terminus
698 2149 777 2233 qui·

83 2235 160 2309 dam
182 2234 250 2319 est,
278 2236 364 2308 uitta
383 2259 484 2327 quem
510 2237 641 2310 civitati
663 2239 800 2326 perui.

82 2329 165 2413 ciosa
175 2329 290 2405 fictura
307 2330 374 2412 est,
396 2333 427 2403 &
442 2349 692 2423 propterquam
706 2356 775 2402 mo·
797 2378 802 2393 ι

80 2425 399 2520 marchisaliquando
414 2423 627 2498 neceiiarium
641 2421 686 2494 est
696 2447 775 2516 pro-

79 2522 217 2606 videte,
233 2546 276 2594 ne
287 2521 370 2614 quid
380 2521 459 2594 inde
469 2518 652 2614 respublica
664 2521 773 2611 capiat

79 2616 281 2692 detrimenti.
315 2618 409 2690 lilem
429 2621 440 2688 i
467 2619 536 2689 itur
560 2619 771 2708 potentiam,

77 2713 218 2808 quando
238 2715 274 2784 in
293 2711 421 2785 divitiis
439 2643 496 2785 dte
516 2729 607 2794 erat,
636 2712 782 2793 divitia,

75 2832 152 2883 rum
180 2808 409 2881 diminutione
437 2807 674 2880 diminuerunt
697 2835 707 2888 ς
744 2805 771 2881 fi

76 2902 213 2997 quando
226 2927 307 2976 vero
320 2897 511 2976 confisteret
522 2906 558 2973 in
577 2924 657 2972 aura
665 2920 771 2996 popu-

74 2999 159 3084 lari,
182 2996 290 3092 ipsum
304 3016 480 3092 potentem
493 2992 562 3069 fine
574 2994 642 3067 alio
654 2998 771 3066 crimi-

74 3098 117 3168 ne'
137 3092 349 3168 sustulerunt.
382 3092 477 3167 Idem
500 3094 537 3164 in
562 3089 769 3162 democratiis

70 3185 146 3289 fieri
156 3187 253 3291 sciet.
276 3191 368 3265 Nam
380 3193 574 3359 numism}1
567 3182 767 3380 exsiuiabeut
792 3282 797 3289 .
