1996 3666
268 94 891 182 1221ntPB‘n1un1-‘

262 228 412 301 civitatis
432 223 581 305 habent,
608 246 683 295 non
703 222 815 294 modo
832 216 955 295 cottion

262 322 336 396 sum
357 321 495 412 majoris
508 322 611 412 partis
624 322 759 391 civium
771 371 783 402 ,
797 314 956 390 sedetiam

261 418 361 490 valde
383 440 590 510 paucorum,
620 411 785 489 sisecum
803 412 956 495 sentiant,

260 511 366 625 poffet
387 517 427 585 iis
449 512 583 594 videri,
609 517 789 606 imperium
809 513 958 604 stimulum

261 634 338 704 Jure
357 608 516 702 abrogari
535 607 642 679 modb
656 607 692 680 id
706 604 774 681 fiat
790 608 833 680 in
845 628 957 700 magno

262 705 380 796 aliquo
397 720 571 776 conventu
585 706 720 776 civium
740 726 804 796 pet
815 699 959 795 suffragia

261 801 401 892 majoris
414 802 560 871 numeri.
589 798 655 872 Sed
672 822 898 893 quamquam
909 801 960 869 in-

262 899 400 988 perium
433 919 491 988 per
522 898 616 988 padla
643 891 869 989 singulorum
894 916 958 968 cum

260 989 405 1084 lingulis
424 990 669 1072 constituatur,
693 1015 773 1062 non
793 986 958 1065 tamenab

261 1111 300 1158 ea
322 1085 389 1160 sola
407 1086 617 1182 obligatione
639 1085 819 1179 dependet
838 1083 959 1180 imperii

261 1181 328 1275 jus.
349 1181 487 1256 Accedit
499 1183 665 1275 obligatio
679 1205 763 1277 erga
781 1181 958 1256 habentem

259 1280 456 1368 imperium.
492 1280 588 1353 Civis
610 1280 705 1351 enim
732 1275 957 1372 unusquisque

261 1395 341 1444 cum
359 1397 571 1467 unoquoque
589 1369 787 1467 paciscens,
804 1371 855 1447 fic
868 1375 955 1452 dicit,

260 1493 319 1562 ego
324 1470 382 1556 jus
393 1496 497 1540 meum
514 1469 677 1563 transfero
691 1475 729 1540 in
741 1466 853 1552 liunt,
877 1485 914 1542 ut
926 1485 957 1538 tu

260 1580 356 1635 tutum
373 1564 554 1657 transferas
570 1572 605 1636 in
621 1563 768 1637 eundem.
798 1565 903 1641 Unde
911 1562 955 1657 jus

248 1660 356 1749 ·quod
389 1657 621 1754 unusquisque
653 1657 810 1735 habebat
848 1656 955 1733 utendi

259 1755 393 1826 viribus
406 1752 475 1827 suis
487 1755 529 1826 ad
541 1757 719 1847 proprium
731 1752 953 1836 beneficium,

259 1865 375 1921 totum
413 1850 611 1922 transsatum
648 1847 696 1923 est
736 1853 774 1922 in
814 1851 954 1944 aliquem

259 1941 440 2016 hominem
472 1948 527 2017 vel
552 1941 729 2018 confilium
753 1945 802 2016 ad
833 1939 954 2018 benefi-

259 2042 352 2111 oium
367 2064 561 2113 commune.
587 2042 706 2133 Itaque
720 2041 955 2115 intercedenti·

257 2133 479 2229 hospodin,
516 2136 644 2228 quibus
670 2133 814 2229 fiaigulis
840 2133 953 2232 singuli

258 2230 477 2324 obligantur,
496 2229 953 2326 &jurisdonationequam
993 2301 996 2308 .

255 2348 367 2398 ratam
391 2325 516 2399 habere
537 2327 736 2421 obligantur
754 2328 951 2421 imperanti,

257 2421 387 2512 duplici
415 2423 623 2515 obligatione
646 2425 778 2494 civium
806 2427 953 2495 munitur

254 2518 462 2607 imperium,
484 2541 520 2588 ea
545 2542 621 2609 quae
643 2516 754 2590 estad
778 2520 952 2597 concives,

257 2615 292 2683 ἃ
315 2635 353 2684 ea
376 2636 453 2704 quat
475 2612 523 2684 est
544 2615 585 2684 ad
604 2616 845 2705 imperantem.
875 2616 952 2690 Nou

256 2729 340 2800 ergo
359 2711 446 2780 cives
469 2728 622 2800 quotcun
648 2733 691 2780 ue
707 2705 865 2792 fuerint,
890 2707 952 2785 fine

256 2799 418 2877 consensu
442 2801 564 2876 ‘etiam
591 2733 692 2897 ipbus
722 2805 951 2898 impemntisl

256 2894 488 2997 eumspoliare
505 2903 651 2997 imperio
662 2900 740 2993 jure
758 2898 909 2996 poliunt
