1996 3666
231 173 479 255 Cerne
530 175 653 253 XIII.
729 198 798 273 225
854 267 856 271 ,

93 326 149 374 ras
175 304 385 374 exercituum
410 296 593 392 impensas,
628 317 712 373 tunc
734 288 800 372 ini-

94 393 802 491 peiarisatisopportuneputant,quand0
884 449 888 461 .

94 493 425 585 periculumincipit
439 514 620 585 apparere,
643 493 690 562 illi
708 491 802 564 certe

94 584 393 660 nonconfiderent
406 610 508 678 quam
525 581 660 657 difficile
675 583 715 658 fit
727 609 797 659 tam
913 580 930 600 Χ

92 707 254 777 magnam
277 685 427 774 pecuniae
445 685 514 753 vim
534 681 576 752 ab
595 680 806 767 hominibus'
840 689 843 694 ’
884 685 892 703 ”

92 777 273 850 tenacibus
283 774 396 850 subito
411 776 592 849 corradere.
613 779 703 850 Nam
718 803 795 849 om*-

91 897 155 945 nee
172 871 265 954 fere,
297 874 390 965 quod
413 871 513 945 semel
537 875 576 943 in
600 872 700 944 bonis
726 870 815 948 suis!

90 986 385 1050 numeraverunt,
413 971 459 1040 ita
473 962 569 1040 suum
590 972 621 1040 &
639 965 698 1040 fibi
713 993 807 1060 pro...

90 1067 206 1156 prium
218 1061 280 1136 eise
293 1063 469 1151 judicant,
494 1082 533 1134 ut
549 1063 708 1156 injuriam
728 1063 791 1138 fibi

88 1156 165 1232 fieri
187 1157 333 1252 putens,
366 1162 499 1251 quoties
528 1159 584 1230 vel
608 1163 789 1232 minimam

89 1255 164 1348 ejus
190 1270 516 1348 partemeoguntur
543 1257 578 1324 in
610 1253 788 1345 publicum
895 1270 905 1282 “

87 1369 235 1444 erogare.
261 1351 315 1422 Ex
340 1374 381 1421 eo
402 1368 516 1422 autem
530 1348 623 1441 quod
642 1348 787 1440 ipone.

85 1447 144 1518 riis
173 1448 339 1518 &rerum
364 1445 538 1517 venalium
565 1444 720 1536 veiiigeli
742 1444 785 1516 ad

85 1543 242 1612 aerarium
255 1541 380 1614 aceedit
393 1592 402 1622 ‚
415 1541 558 1632 pecunia
568 1537 642 1610 satis
657 1563 783 1632 magna

84 1636 126 1710 ad
138 1638 421 1709 civitatemarmis
432 1633 678 1721 defendendam
692 1631 783 1709 subi„

84 1747 122 1803 to
139 1728 264 1804 confici
278 1754 348 1802 non
361 1729 478 1824 potest.
507 1731 650 1802 Pecunia
664 1733 793 1823 itaque·

84 1825 163 1899 belli
185 1823 299 1909 cause,
330 1822 355 1897 fi
374 1829 544 1916 civitatem
565 1824 690 1899 salvam
715 1823 778 1900 eise

82 1923 264 2005 volumus,
289 1941 443 2015 tempore
456 1925 545 2013 pacis
559 1921 777 2016 congerenda

82 2016 136 2090 est.
151 2015 241 2092 Cum
253 2041 333 2112 ergo
347 2017 519 2110 explorare
532 2016 679 2091 hostium
694 2041 777 2090 con-

81 2109 173 2197 filia,
189 2137 282 2186 arma
302 2118 333 2186 ἃ
351 2109 502 2206 p'raefidia
520 2129 654 2195 tenere,
674 2136 775 2203 pecu-

80 2212 175 2281 niam
195 2211 232 2281 in
252 2227 387 2302 promtu
408 2207 552 2292 habere,
577 2211 775 2300 imperanti-

80 2301 144 2376 bus
155 2303 196 2377 ad
210 2301 488 2377 salutem-civium
500 2303 677 2376 neceffatia
687 2298 773 2387 fine,

79 2396 222 2473 salutem
247 2420 358 2472 autem
378 2400 508 2471 civium
527 2401 625 2468 omni
646 2414 772 2470 conatu
813 2441 826 2471 >.

78 2517 258 2587 procurare
286 2495 360 2588 lege
380 2512 508 2567 naturae
532 2493 699 2585 principes
722 2509 774 2566 te·

77 2608 242 2672 mantnt,
254 2589 422 2682 sequitur,
438 2612 509 2662 non
521 2588 624 2663 modo
638 2589 772 2662 licitum

78 2686 123 2758 eis
136 2683 221 2768 effe,
247 2687 475 2778 exploratores
494 2685 663 2768 emittere,
685 2686 772 2758 mili·

71 2782 246 2874 tes—alere,
265 2781 517 2876 propugnacula
529 2778 714 2862 aedificare,
735 2783 769 2854 &

70 2878 254 2970 pecuniam
266 2879 301 2947 in
312 2901 363 2948 ees
373 2900 424 2949 res
437 2881 566 2971 exigere
576 2924 586 2958 ,
596 2873 652 2948 sed
666 2879 768 2947 etiam

69 2984 113 3044 ‘ea
144 2970 384 3054 nonfacere,
420 2972 588 3043 illicitum.
629 2969 784 3057 Quibus.

71 3072 173 3142 etiam
191 3066 268 3142 addi
285 3066 394 3160 potest
410 3064 573 3162 quicquid
588 3064 767 3157 adspoten-

71 3165 156 3253 ,tiam
174 3180 393 3242 externotum
413 3161 566 3256 iquibus
585 3177 764 3243 metuunt,

536 3257 683 3365 Ἡ,
