1996 3666
191 226 420 300 Cnenr
469 224 614 326 ΧΙΙΙ,
666 244 740 320 237
848 236 854 240 “

45 342 173 417 minata
188 345 233 416 est
246 344 359 438 postea
373 370 430 436 per
442 349 656 439 punitionem
672 350 739 440 pri·
759 415 761 420 ,
907 323 915 342 ,

45 443 89 513 mi
107 441 353 533 delinquentis,
373 442 390 534 (
406 441 502 533 aeque
520 446 609 512 enim
630 461 740 514 trans-

45 537 234 620 gredientes
277 541 448 628 aequaliter
491 540 604 628 puniri
640 538 738 630 jubet

45 637 181 724 equitas
194 629 396 719 naturaliszl
409 633 456 703 ibi
470 657 603 724 poenam
615 684 624 714 ,
634 632 737 724 quim

45 746 116 818 Juae
125 729 200 820 lege
211 725 389 809 definitur,
405 728 565 818 majorem
580 731 735 822 exigere,

45 842 157 895 ‘ontm
180 823 286 916 legem
306 841 435 894 nntnrae
452 822 508 895 est.
530 824 622 896 Finis
643 827 735 895 enim

45 921 229 993 ›unitionis
252 917 330 1000 est,
363 920 574 991 voluntatem
600 916 735 990 homini

45 1037 110 1084 ron
121 1037 263 1107 eogere,
278 1013 332 1084 led
347 1011 515 1103 formare,
533 1018 563 1085 dr
578 1017 676 1087 talem
688 1012 706 1085 f
719 1061 735 1074 -

45 1132 132 1191 tere,
147 1109 282 1199 qualem
295 1134 366 1180 eant
382 1107 542 1201 effecupit
557 1112 584 1181 is
596 1113 654 1200 qui
665 1134 734 1200 poe-

45 1227 116 1275 tam
125 1202 259 1276 statuit.
280 1206 323 1277 Et
336 1204 530 1276 deliberatio
544 1204 630 1276 nihil
643 1199 734 1277 aliud

45 1297 82 1373 est
97 1296 161 1392 nist
172 1300 434 1372 commodorum
447 1303 478 1372 ἃ
491 1299 729 1372 incommodo·

45 1416 113 1467 tum
124 1392 202 1466 fatti
213 1395 304 1486 quod
316 1395 552 1488 aggredimur,
567 1396 728 1486 tanquam

45 1513 71 1563 ‚n
82 1488 215 1562 bilance
234 1489 453 1583 ponderatio,
472 1490 634 1582 ubiquod
647 1514 730 1580 prae-

45 1586 234 1674 ponderat,
268 1584 449 1658 neceffnrid
472 1583 655 1656 secundnm
679 1588 730 1655 in-
792 1655 797 1661 ,
843 1613 849 1634 r

45 1678 250 1753 :linmionem
264 1679 355 1753 suam
371 1681 529 1773 procedit.
554 1680 729 1772 Siquidem

45 1797 116 1867 ergo
134 1775 301 1869 legissator
323 1801 458 1868 poenam
480 1779 646 1847 minorem
666 1777 729 1848 cri-

45 1871 728 1965 miniappendit,qrrirmutlibidinimetus
836 1930 839 1937 .

45 1968 290 2059 praeponderet,
315 1968 465 2038 libidinis
482 1964 580 2058 supra
599 1985 730 2039 metum

45 2086 144 2135 toenae
164 2059 312 2135 excessus
330 2087 399 2155 quo
423 2067 550 2134 crimen
570 2066 729 2134 commit-

45 2161 117 2230 itur
134 2157 312 2251 legissatori
331 2157 567 2232 attribuendus
578 2157 646 2245 est,
661 2155 729 2230 hoo

45 2251 105 2335 est,
132 2249 268 2326 summo
288 2257 466 2345 imperanti
487 2281 497 2332 3
532 2254 679 2344 ideoque
702 2247 727 2324 li

45 2350 133 2421 >unit
149 2348 271 2442 majori
292 2355 412 2441 poeni,
436 2349 536 2438 quim
554 2345 621 2438 ipse
643 2348 727 2440 legi·
837 2397 840 2402 «

45 2467 96 2516 tus
121 2443 328 2534 praefinivit,
361 2445 520 2537 punitio
545 2443 611 2514 alio
633 2440 726 2534 quod
801 2484 811 2505 κ

45 2541 186 2612 teceavit
203 2537 283 2630 ipse.

77 2635 197 2709 XVII.
222 2635 333 2707 Etiam
352 2632 392 2719 ed
413 2635 586 2707 innoxiam
613 2635 645 2706 ἃ
668 2657 725 2704 ne·
762 2627 864 2713 olvitur

45 2725 200 2806 elladam
215 2729 345 2803 civibus
362 2728 542 2802 libertatem
583 2734 723 2812 ettinet,
737 2711 886 2822 ᾓζζζζᾞᾷ·

45 2843 69 2897 rt
83 2849 162 2917 quae
174 2824 251 2914 jura
266 2825 397 2917 legibus
410 2823 470 2896 fibi
488 2755 629 2917 quidrue
642 2850 722 2897 con.
736 2847 821 2904 ruptos
837 2839 892 2902 jue·

45 2916 114 2991 :ella
130 2918 256 3003 habet,
280 2923 321 2991 iis
338 2918 406 2992 fine
424 2941 517 2992 metu
533 2917 599 2992 frui
612 2917 719 3012 possit.
736 2907 840 3028 ffl‘n‘

45 3013 168 3086 irustra
182 3016 274 3086 enim
292 3013 439 3107 estfitum
459 3015 502 3086 ab
523 3014 624 3086 alieno
642 3016 723 3106 legi,
794 3012 802 3029 ‘

45 3133 96 3181 >ue
112 3108 293 3202 distingui,
317 3107 435 3182 filnso
450 3109 598 3201 judicio,
622 3108 723 3180 latro.
852 3112 854 3117 ’
893 3198 896 3202 ¹

45 3205 143 3301 inin,
166 3201 720 3280 nelfurtornrluseonfimdantut.
880 3213 908 3225 ·“
