1996 3666
179 205 487 298 ,Coruo
535 215 584 292 X.
702 231 765 311 1²71

72 330 128 412 tiae
152 336 289 435 publica
312 334 443 409 civibus
468 345 615 432 privatis
638 339 770 412 income

72 434 179 507 modo
192 432 256 504 effe
270 432 423 524 pofl'uot,
444 435 546 505 modo
561 439 683 526 privati
697 460 771 510 non
872 488 880 511 a

73 533 119 603 ita
139 527 409 611 exhauriantur,
432 546 471 600 ut
492 554 552 621 per
569 528 771 603 industriam

73 623 167 699 suam
184 621 362 696 nec'effatia
383 624 425 695 ad
443 627 593 717 eorporis
615 628 771 699 &animi

75 723 163 793 vites
187 716 415 792 sustentandas
439 723 611 822 acquirere
642 717 682 792 fit
707 725 772 793 im-

73 812 237 910 poffibile.
272 815 363 888 Nam
385 813 429 888 fic
447 804 708 888 incommorihm
734 821 771 889 ac

74 911 116 983 ad
130 907 245 1004 ipsum
258 912 480 1001 imperantem
493 914 692 1003 pertineret,
707 937 771 985 neo

72 1009 225 1081 oriretur·
249 1004 292 1075 ab
314 1004 525 1079 institutione
552 1007 607 1078 vel
636 1008 771 1079 ordino-

72 1100 170 1174 iione
191 1106 313 1193 prava,
336 1098 451 1194 (quia
473 1104 508 1172 in
531 1106 627 1173 omni
648 1127 770 1196 genere

73 1199 221 1273 civitatis
244 1199 336 1267 cives
357 1199 505 1288 opprimi
530 1197 663 1288 poffunt
679 1194 697 1286 )
716 1195 771 1268 sed
834 1269 836 1272 ,

59 1290 98 1363 ri·
108 1294 197 1364 bene
211 1292 374 1364 o'rdinatae
387 1293 532 1365 civitatis
546 1300 647 1385 prava
663 1294 771 1364 admi·

72 1387 282 1462 nistratione.

104 1482 769 1576 HLQrodaotemdieiarumspecierum
804 1503 929 1558 commem

73 1582 242 1658 amirario,
255 1568 473 1660 dommoruna,
495 1583 525 1651 ἃ
544 1584 769 1671 aristocratia,
784 1574 952 1696 retraham

75 1678 107 1748 ἃ
124 1670 335 1755 monarchia,
362 1677 490 1764 optima
508 1672 547 1747 fit
565 1672 771 1759 monarchia,
784 1659 845 1765 naar
863 1660 903 1697 Μ’

74 1795 118 1843 ex
130 1773 384 1861 comparatione
397 1770 659 1843 commodorum
675 1777 706 1844 ἃ
721 1775 773 1844 in-

76 1865 335 1949 commodorum
365 1867 400 1934 in
426 1862 566 1959 singulis
594 1867 773 1941 ostenden·

75 1959 234 2034 domest.
262 1961 347 2031 Haec
368 1961 496 2052 igitur,
528 1962 620 2054 quod
637 1970 774 2036 univer-

68 2059 141 2149 fiam
150 2057 193 2128 ab
207 2081 272 2127 uno
289 2062 356 2127 Deo
370 2059 498 2148 regitur
507 2085 517 2137 ;
540 2058 631 2150 quod
646 2065 775 2155 antipae·

74 2152 196 2226 statum
216 2148 454 2224 monarchicam
472 2157 600 2226 caeteris
619 2160 775 2245 praerule.

73 2266 174 2330 runt,
200 2251 353 2342 regimen
372 2250 528 2320 Deorum
546 2253 698 2335 unielovi
716 2250 775 2322 ad-

73 2342 256 2417 scribentes
276 2369 287 2423 3
321 2342 414 2435 quod
438 2346 603 2435 principio
629 2369 771 2428 retum,

72 2438 495 2539 nationumque‚arbitria
507 2441 700 2531 principum
710 2463 774 2532 pro
830 2446 856 2514 ἴ

72 2534 205 2629 legibus
225 2531 374 2615 fuerintr
402 2534 494 2627 quod
514 2537 695 2626 imperium
710 2556 774 2632 pa-

73 2628 517 2704 ternuminstitu'tumaDeo
530 2633 565 2702 in
577 2635 771 2714 creatione,

72 2721 315 2799 monarchicirm
337 2723 456 2805 fuerim
490 2726 584 2820 quod
606 2731 774 2820 regimina

74 2843 195 2896 caerem
224 2846 266 2892 ex
294 2817 482 2893 monarchia
508 2846 564 2912 per
590 2821 773 2894 seditiones

73 2913 773 2992 diffolutaerudetibusartificiohominum

72 3009 149 3108 (¹⁶)
165 3012 238 3104 post
248 3013 482 3104 conglutinata
499 3008 586 3090 s1nt3
609 3011 773 3103 quodque

71 3105 367 3204 populusDeisub
379 3107 516 3200 regibus
527 3103 628 3178 fuerit
636 3129 772 3197 squam.

71 3228 179 3301 qaam
200 3199 420 3281 monarchiam
442 3201 772 3377 conrngndatiotma

601 3321 628 3380 ᾗ
