1996 3666
224 184 403 260 Clau
431 207 457 260 τ
507 136 656 259 XIVJ'
701 201 780 276 255.

74 304 144 382 fint
164 306 212 389 ii,
239 308 362 399 quibus
383 305 553 379 commiffa
583 305 628 378 cst
650 308 779 379 autori·

75 424 126 478 tas
151 404 242 494 leges
265 403 513 494 promulgandi,

124 499 226 572 XIV.
256 496 385 569 Rursus
403 501 455 569 lex
480 496 608 580 civilis,
635 520 696 589 pro
714 495 775 566 dn-
806 517 881 585 Legis
898 521 937 572 ct-

78 595 158 688 plici
183 592 286 663 modo
316 594 589 687 promulgandi,
626 593 773 663 duorum
788 590 850 670 viu,-
864 590 935 674 litli-

79 712 243 782 generum
264 687 334 759 est:
352 689 498 784 scripta,
519 693 551 761 &
570 657 937 787 nonscriptuffjssnffi

77 786 139 858 Per
149 785 310 878 scriptam
328 785 481 878 intelligo
501 806 575 857 eam
594 809 670 877 quae
691 797 919 878 vocescriptam,

78 876 146 953 five
161 876 266 972 signo
290 880 406 970 aliquo
433 883 499 951 alio
523 881 709 952 voluntatis
729 880 776 950 le·
933 892 936 896 “

79 975 244 1068 gillatoris
263 974 394 1068 indiget
414 992 453 1047 ut
468 972 527 1047 fiat
549 979 612 1047 lex.
641 978 777 1068 Legum

77 1075 170 1143 enim
193 1093 300 1163 genus
322 1074 475 1144 omne&
500 1077 620 1143 natura
638 1075 670 1144 ἃ
687 1088 776 1142 tem·
844 1119 859 1167 ,⁴
920 1148 923 1155 ‚

76 1176 158 1260 pote
188 1189 345 1239 coaevum
375 1164 422 1239 est
448 1169 562 1260 generi
591 1164 774 1247 humano,
844 1170 848 1179 '

79 1265 310 1354 &propterea
326 1265 529 1335 inventione
554 1263 726 1335 literarum
746 1264 780 1333 te

75 1355 340 1434 scribendisarte
365 1361 549 1450 antiquius.
588 1359 673 1432 Non
695 1380 779 1448 ergo

76 1454 138 1549 legi
148 1453 277 1548 scripta
294 1450 472 1531 neceffaria
490 1453 537 1524 est
546 1454 704 1548 scriptio,
721 1451 779 1524 sed

75 1573 170 1629 v0x3
198 1544 273 1620 haee
290 1545 359 1621 sola
384 1548 427 1622 ad
449 1545 628 1644 ollonnam,
657 1547 780 1622 illaad

35 1686 45 1697 -
76 1642 334 1717 recordationem
342 1644 420 1738 legis
431 1644 588 1718 adhibita
600 1643 655 1717 est,
681 1645 778 1717 Nam

77 1759 157 1813 ante
181 1741 339 1827 inventas
365 1742 477 1813 literas
510 1739 553 1813 ad
577 1741 780 1813 memoriam
922 1794 925 1799 .

78 1833 333 1928 adjuvandam,
356 1834 437 1931 leges
454 1839 491 1909 in
504 1854 614 1909 metra
630 1835 780 1908 redailas
901 1838 904 1843 ’

43 1990 46 1995 .
78 1932 237 2005 cantitari
267 1926 382 2005 solitas
416 1930 478 2004 effe
511 1932 664 2026 legimus.
701 1938 782 2006 Non

72 2026 200 2123 scripta
216 2024 264 2098 est
287 2051 349 2108 ea,
373 2051 449 2120 quae
469 2028 624 2100 nonalia
648 2026 781 2119 indiget

79 2121 485 2216 promulgationepraeter
497 2147 616 2196 vocem
628 2141 778 2202 naturae,

78 2215 329 2291 literationem
342 2219 553 2299 naturalem,
571 2219 687 2310 quales
699 2214 779 2288 sunt

78 2312 158 2409 leges
174 2314 353 2386 naturales.
380 2314 453 2385 Lex
483 2315 576 2384 enim
595 2313 778 2392 naturalia,
814 2352 818 2359 -

79 2408 419 2504 quamquamieivili
429 2405 675 2501 distinguatur,
695 2428 784 2496 qua.

79 2522 179 2579 tenus
192 2505 362 2577 voluntati
376 2505 547 2597 praecipit,
559 2523 675 2574 tamen
684 2498 783 2594 quod,

79 2600 121 2673 ad
132 2603 285 2673 actiones
297 2603 439 2681 attinet,
460 2599 567 2671 civilis
582 2597 646 2692 esti
664 2619 782 2670 exem-

78 2699 126 2790 pli
138 2698 266 2790 gratia,
280 2693 370 2778 haec,
383 2702 464 2777 Non
476 2695 687 2790 concupisces,
703 2716 779 2785 quae

77 2796 227 2885 pertinet
238 2810 371 2864 tantum
383 2792 427 2863 ad
439 2795 605 2873 animum,
620 2793 781 2863 lextratu-
814 2854 823 2865 ,

77 2888 156 2963 ralis
169 2905 305 2959 tantum
317 2885 382 2968 estr
396 2885 579 2967 haeevert'),
595 2893 673 2959 Non
684 2892 781 2956 inva-

78 2981 156 3067 des,
176 2986 210 3055 ἃ
223 2983 405 3064 naturalis,
426 2987 457 3054 ἃ
477 2983 583 3056 civilis
601 2979 658 3052 est.
686 2981 780 3050 Cum

77 3083 173 3151 enim
183 3078 315 3172 regulas
327 3074 539 3171 praescribere
552 3072 779 3156 universales,

79 3175 207 3271 quibus
219 3198 339 3255 omnes
357 3172 482 3275 future
500 3173 582 3253 lites.
599 3194 678 3267 quet
690 3167 787 3270 {ortt}¹
