1996 3666
267 204 446 280 Gneo
470 228 496 280 τ
543 206 590 282 V.
732 207 780 303 87

73 326 780 422 oarenttameniilivetbotumarte,quae
884 340 887 347 ’

83 419 269 496 necessario
291 424 472 513 requiritur
488 424 529 494 ad
550 423 781 515 perturbatio-

74 542 144 588 -nes
157 520 263 588 animi
272 516 504 600 concitandas,
516 522 698 601 nimirum,
712 544 782 613 qua

79 612 415 694 ’nonum‚·melius;‚
433 614 582 697 malum,
609 614 705 708 pejus
729 639 782 686 te·
810 629 818 655 '·

72 704 307 798 praesentatur
319 709 456 790 animo,
468 710 569 801 quim
583 732 698 782 revera
711 708 778 782 este

82 801 236 874 hominis
259 820 372 874 autem
392 804 508 895 lingua
521 804 604 877 tuba
622 806 780 898 quaedam
846 863 850 871 .

82 897 163 969 belli
184 895 230 968 est
249 900 280 968 u
298 893 469 971 seditionis
480 927 491 980 3
510 900 700 994 diciturque
719 907 781 974 Pe·
887 966 890 978 .

82 992 177 1065 ricles
189 986 255 1064 suis
277 993 451 1084 quondam
467 995 704 1078 orationibus,
728 1017 780 1069 to-

83 1085 210 1168 nuisse,
224 1083 420 1180 fulgorate,
433 1091 465 1162 &
478 1089 661 1163 confudisse
671 1110 779 1164 totam

88 1189 251 1257 Gratiam.
279 1186 439 1270 Quinto,
469 1210 540 1257 non
562 1187 780 1280 distinguunt

82 1279 138 1349 itta
156 1279 313 1366 injurium
333 1279 499 1353 ‘it-damno.
527 1282 613 1353 Inde
634 1282 780 1363 accidit,

82 1393 124 1445 ut
150 1375 232 1444 dum
265 1374 352 1446 bene
374 1373 453 1467 ipsis
480 1373 541 1457 fit,
579 1374 683 1448 socios
708 1401 781 1450 non

83 1468 234 1559 culpent}
248 1471 416 1540 Homines
428 1471 701 1547 autemmaximd
715 1474 780 1544 tei-

82 1563 226 1654 publicae
256 1563 386 1636 molesti
415 1562 516 1651 sunt,
554 1567 679 1659 quibus
709 1591 792 1641 ητα..

81 1658 264 1730 ximdiicet
278 1656 468 1732 eiseotiofi:
493 1666 675 1734 nonenim
698 1663 778 1737 ante
805 1672 807 1677 ’

83 1774 209 1826 certate
234 1753 274 1825 de
299 1753 464 1849 dignitate
491 1758 623 1849 publica
649 1755 777 1843 solent,

81 1873 184 1941 quam
205 1852 242 1920 in
263 1855 446 1944 certamine
465 1873 584 1925 contra
603 1851 725 1926 samem
744 1858 778 1929 &

79 1941 188 2037 frigus
220 1947 396 2017 vidotiam
423 1953 678 2039 reportaverint.
711 1951 777 2022 Po-

79 2038 230 2123 stremi),
257 2028 428 2112 consensio
453 2061 680 2115 creaturarum
707 2047 777 2118 ilia·

78 2160 160 2206 rum
185 2133 362 2207 brutarum
384 2140 544 2212 naturalis
566 2136 633 2218 est3
663 2137 776 2212 homi-

78 2255 164 2302 num
184 2233 319 2322 postitio
337 2230 492 2314 tnntdm,
513 2231 580 2304 hoo
604 2233 668 2316 est,
693 2237 776 2308 atti-

77 2321 193 2398 ficiosa
213 2323 277 2407 est,
296 2349 369 2398 non
381 2329 485 2420 igitur
498 2327 691 2401 mirandum
705 2327 774 2412 est,

76 2418 324 2494 sihominibus
347 2422 390 2494 ad
417 2424 605 2496 vivendum
628 2427 666 2496 in
714 2449 774 2498 ace

64 2516 207 2608 *aliquid
234 2518 378 2609 emplius
407 2541 495 2609 opus
529 2515 578 2591 sit.
617 2451 776 2612 Consdnfiu

75 2615 214 2704 itaque,
227 2608 294 2683 five
299 2610 433 2703 societas
445 2617 617 2687 contrado
628 2612 698 2688 fine
711 2640 773 2708 po-

75 2706 198 2782 testate
219 2707 332 2797 aliqud
355 2714 555 2793 communi,
582 2733 641 2803 per
667 2735 772 2806 quam

76 2822 173 2874 metu
204 2825 314 2894 poente
342 2800 464 2895 singuli
486 2824 671 2900 regantur,
698 2829 772 2878 non

74 2893 203 2969 sufficit
222 2896 265 2969 ad
284 2893 512 2981 securitatem,
530 2901 771 2993 quoe-requiri-
799 2920 801 2925 ·

74 3009 133 3065 tut
149 2992 192 3064 ad
208 2994 409 3066 exercitium
424 2995 554 3088 justitie
572 2994 744 3066 naturalis.
781 2992 930 3109 mg&

123 3086 196 3161 VI.
233 3089 412 3175 Quoniam
442 3091 547 3181 igitur
570 3088 867 3183 ¹conspirationem
886 3113 928 3166 ta.

75 3183 230 3281 plurium
258 3182 534 3266 voluntatum-ed
554 3185 705 3263 eundem
719 3180 929 3282 -figvimnu
