1996 3666
259 223 501 300 CAPUU'
537 174 649 292 VII(
725 236 792 315 127

75 336 209 436 'neque
239 341 341 415 modo
374 338 570 434 acquirendi
605 329 794 421 differunt3

92 437 121 512 Γ]
144 438 283 532 quidem
306 440 454 509 enimin
476 439 614 508 civitate
628 434 793 508 demetra.

84 542 179 616 tici,
207 535 262 607 vel
282 537 517 628 aristocratiae,
544 531 706 624 furumum
730 538 792 603 im.

86 637 220 726 perium
250 632 335 701 civis
366 630 489 721 aliquis
521 631 558 701 vi
586 645 790 718 occuparet,

68 725 214 798 .hubito
241 728 368 796 civium
401 720 587 806 consensu,
618 725 794 816 legitimus
819 718 829 729 ’

89 816 133 894 fit
156 817 352 903 monarchici
375 845 416 892 eo
440 815 603 893 consensu
629 843 701 890 nou
727 816 791 889 ha-

89 916 185 998 bito,
215 914 304 1009 hostis
321 915 390 998 est,
413 940 484 988 non
506 933 677 1008 tyrannus.
713 911 791 986 Dis·

88 1009 203 1084 fetuut
228 1036 309 1105 ergo
338 1011 409 1083 solo
441 1015 577 1104 imperii
606 1012 787 1091 exercitio,

89 1124 130 1179 ut
150 1133 211 1178 rex
234 1104 275 1180 fit
304 1110 366 1199 qui
383 1107 472 1180 redte
492 1110 601 1201 regit,
627 1124 789 1196 tyrannus

35 1284 47 1297 .
87 1204 151 1294 qui
171 1202 277 1274 aliter.
304 1204 385 1277 Huc
403 1206 510 1297 igitur
531 1226 585 1275 res
612 1200 719 1280 redit,
748 1217 789 1272 uc

87 1300 181 1371 cives
195 1321 303 1392 regem
323 1301 474 1392 legitime
494 1301 531 1369 in
544 1298 670 1388 fiturmo
692 1302 790 1389 impe·

81 1392 386 1474 rioconstitutum‚
399 1391 424 1464 si·
433 1397 616 1486 imperium
630 1388 707 1483 ipsis
718 1414 789 1462 rec·

84 1488 120 1563 te
134 1487 304 1562 videbitur
315 1513 489 1570 exercere,
504 1509 578 1560 tum
593 1487 788 1581 regemari·

53 1604 61 1613 ·
82 1602 137 1658 ter
158 1601 337 1678 tyrannum
358 1584 598 1676 appellandum
617 1580 785 1656 censeant.
861 1584 863 1588 ’

81 1679 171 1754 Νοη
187 1675 266 1752 sunt
289 1681 392 1774 igitur
414 1676 535 1752 diversi
551 1679 699 1753 civitatis
720 1675 785 1749 sin-
865 1752 870 1770 ,

81 1791 140 1849 tus
165 1800 302 1870 regnum
330 1779 563 1870 &tyrannir,
589 1770 784 1863 sedeident

79 1868 260 1945 monarcha
281 1895 409 1944 nomen
429 1880 515 1966 regis
537 1895 600 1966 pro
625 1867 781 1954 honore,

77 1971 218 2061 tyranni
256 1990 318 2059 pto
353 1972 511 2041 convicio
542 1967 650 2040 datur.
690 1969 784 2054 Qtae

80 2080 197 2135 autem
226 2058 340 2154 paffim
367 2082 488 2137 contra
511 2082 668 2156 tyrannos
693 2062 782 2135 dista

77 2159 118 2231 in
147 2157 241 2231 libris
273 2161 526 2260 reperiuntur,
555 2161 727 2251 originem
751 2156 782 2227 ’ὰ

80 2255 259 2328 Graccis&
283 2255 447 2328 Romanis
469 2251 689 2348 scriptoribus
710 2272 782 2325 tra»

77 2367 228 2433 xerunt,
246 2355 306 2443 qui
320 2352 442 2443 partim
462 2348 637 2446 r'tpopusu⁹
656 2349 783 2440 partim

77 2444 123 2519 ab
147 2446 355 2541 optimatibus
381 2445 603 2540 regebantur,
618 2440 782 2536 ‚ideisque

76 2563 151 2626 non
172 2541 279 2614 modo
293 2560 474 2638 tyrannos,
492 2536 549 2616 sed
569 2541 672 2614 etiam
689 2562 780 2637 reges

77 2634 170 2710 exosi
189 2634 277 2712 sunt.
674 2633 677 2643 “
911 2718 912 2723 1

88 2780 93 2787 «
124 2734 189 2806 IV.
217 2735 304 2808 Sunt
322 2737 380 2827 qui
401 2731 619 2808 necessarium
635 2730 775 2825 quidem
803 2754 938 2814 nondun·

75 2825 138 2901 esse
169 2848 318 2921 putant,
350 2852 388 2904 ut
410 2833 572 2923 summum
602 2824 879 2922 imperiumstuuu
898 2830 937 2881 ‘¹'-

74 2925 201 2997 aiicubi
227 2927 262 2995 in
295 2929 433 2997 civitate
467 2923 624 3004 exsistut3
657 2919 732 3013 sed¹
750 2904 935 3022 fimum

72 3019 158 3091 iuud
172 3043 275 3111 penes
289 3046 388 3092 unum
407 3017 502 3101 esset,
526 3016 595 3090 five
616 3015 913 3104 stomiurmspecieeus

73 3111 143 3186 five
162 3116 348 3205 concilium,
369 3113 578 3206 sequeretur,
593 3115 772 3204 inquiunt,
787 3105 867 3164 ueris.

73 3212 166 3286 cives
191 3208 392 3284 umnec-effe
415 3208 537 3286 servos.
569 3211 670 3282 Hauc
691 3231 773 3284 cun.

552 3306 635 3406 ur
