1996 3666
194 254 266 354 384
358 244 735 330 Ruricio?

192 380 228 451 id
250 376 309 450 fiat
331 378 399 448 ritu
420 381 453 448 &
473 376 577 448 modo
595 356 883 469 ungunta-'rtem

192 497 303 565 neque
314 478 624 563 excommunicatus,
646 474 711 564 q'tii
722 470 881 543 ut‘tffla

192 568 403 652 cinationdi
428 565 514 638 sunt]
540 569 685 648 Tertio,
711 563 882 639 earm

192 655 299 738 nicaei
319 688 384 734 non
396 659 478 757 puffe
489 668 693 757 principem,
720 650 783 756 qrc'r‘
795 657 882 732 m
913 704 916 708 -

186 759 349 852 firminum
374 765 519 829 civitatis
545 764 729 850 imperium.
768 757 881 848 Nequi

195 858 287 926 enim
310 877 369 945 per
387 853 574 925 doctrinam
602 849 717 946 Christi
735 846 882 922 subtritus

195 972 310 1030 unus,
330 949 384 1018 vel
400 951 510 1040 plures
530 944 646 1028 simui,
672 948 820 1038 principi
828 942 882 1016 suo
921 1020 923 1024 Α

196 1067 407 1138 quamquam
421 1042 557 1114 ethnico
570 1043 644 1113 loca
656 1041 815 1133 publica,
829 1056 884 1111 aut

195 1143 328 1234 privata
340 1140 560 1220 interdicere,
578 1155 638 1208 aut
654 1139 836 1208 introitum
844 1139 886 1207 ‘itt

197 1257 451 1328 quemcumque
471 1253 597 1305 coetum
615 1245 745 1324 negare
767 1229 884 1324 potest,

195 1347 257 1403 aut
289 1328 492 1422 prohibere,
530 1353 574 1399 ne
596 1325 697 1399 faciat
728 1323 887 1420 quicquid

195 1429 231 1497 in
250 1423 307 1496 sua
320 1426 449 1498 ditione
466 1424 623 1495 voluerit.
651 1420 709 1494 Est
724 1425 817 1495 eninr
830 1423 888 1493 cti-
906 1438 912 1448 ’

171 1587 174 1591 ,
196 1543 278 1593 men
295 1518 378 1592 l‘aesae-
392 1519 616 1612 majestaticin
628 1520 727 1588 omni
738 1521 887 1599 civitate,

192 1618 265 1689 civi
276 1619 467 1708 cuicunque
480 1667 491 1698 ,
504 1615 558 1686 vel
570 1631 796 1705 quotcunque
814 1613 889 1685 civi-

197 1712 264 1783 bus
276 1707 618 1792 fimul,autoritatem
630 1699 693 1779 fibi
706 1730 888 1801 quamcun-

198 1830 266 1899 que
276 1809 311 1875 in
325 1824 429 1876 totam
443 1808 614 1877 civitatem
624 1826 795 1896 arrogare.
824 1803 889 1890 Qui

197 1922 280 1972 vero
295 1903 509 1972 autoritatem
519 1917 679 1992 arrogant
690 1898 752 1970 fibi
763 1902 802 1970 in
816 1919 888 1970 eum

199 1997 259 2087 qui
287 1993 391 2066 habet
418 1998 563 2067 civitatis
589 1993 762 2066 summum
791 1997 888 2086 impe·

198 2092 310 2171 rium,
335 2089 475 2161 eandem
493 2107 651 2184 arrogant
669 2093 707 2160 in
726 2087 890 2181 ipsam-ci-

199 2187 350 2256 vitatem
369 2182 889 2277 Praeterea‚princepssummus,

201 2278 227 2355 st
249 2240 446 2352 ehriffianus
463 2277 522 2363 fit,
541 2279 607 2352 huc
623 2281 771 2372 amplius
792 2279 891 2351 habet

106 2381 133 2469 Ἰ
197 2395 240 2448 ut
262 2379 398 2456 civitas,
431 2376 530 2467 cujus
555 2377 715 2455 voluntas
740 2379 891 2447 contine-

199 2491 256 2544 tur
276 2474 310 2542 in
323 2469 424 2563 ipfius
445 2471 638 2551 voluntate,
658 2471 693 2542 id
711 2467 891 2562 ipiumfit‚

201 2567 294 2658 quod
318 2589 479 2637 vocamus
507 2565 669 2654 ecclefium.
707 2570 893 2639 Neminem

127 2682 130 2686 ·
200 2664 309 2752 igitur
336 2665 610 2733 excommunicat
646 2661 791 2750 ecchfiu,
834 2657 894 2732 nist

202 2779 305 2847 quem
324 2761 595 2828 excommunicat
609 2762 792 2829 autoritate
806 2761 893 2849 prin-

203 2853 295 2942 cipis.
331 2849 394 2923 Sed
415 2855 568 2944 princeps
590 2876 660 2922 non
679 2857 895 2924 excommuni-

202 2964 257 3018 cnt
275 2943 306 3015 se
321 2943 449 3038 ipsum,
477 2972 546 3018 non
566 2950 670 3039 igitur
683 2953 894 3021 excommnni-

202 3049 274 3111 cnri
287 3040 392 3131 potest
409 3044 426 3110 i
439 3040 580 3116 subditis
595 3039 670 3113 suis.
698 3043 811 3114 Potest
824 3045 895 3135 qui·

204 3137 279 3204 dem
292 3133 369 3218 effe,
385 3155 423 3206 ut
437 3155 543 3208 coetus
556 3140 683 3209 civium
697 3139 893 3218 rebellium,

203 3231 259 3300 rel
283 3231 519 3324 proditorum,
548 3239 751 3327 pronunciet
772 3234 894 3329 princi·

297 3376 300 3380 ·
680 3352 683 3361 ·
815 3349 893 3426 pent
