1996 3666
267 189 316 266 24
425 170 803 248 Lrnrnrrs.⁸
918 218 920 223 ·

265 298 324 366 nia
335 316 349 373 ,¹
375 289 500 365 neced'e
518 290 563 364 est
580 288 674 386 sequi
691 310 731 367 ut
739 291 901 384 jurenlii
915 295 961 370 in·

159 464 174 477 N
267 387 452 470 vaderent,
484 387 541 460 alii
563 386 811 473 defenderent3
848 386 970 485 (quii,

267 506 334 576 que
346 486 437 554 enirn
450 486 482 556 &
496 507 619 576 corpus
638 481 757 568 fuum,
786 489 878 560 &ea
890 509 960 581 quur

268 582 403 671 corpori
416 579 544 651 tuendo
557 577 731 654 necefnria
743 577 844 664 funt,
860 578 960 656 neces·

265 671 362 748 ficare
398 691 527 748 naturae
559 695 704 748 conatur
743 673 957 769 defendere.)

189 832 191 839 .
269 769 390 845 uenum
408 795 490 864 ergo
506 765 711 865 sequeretur.
733 770 833 847 fucit
851 776 959 867 itaque

266 884 384 940 contra
406 868 551 940 rationes
569 870 681 961 pacis,
699 864 770 940 hoo
787 866 859 951 est,
885 892 959 943 con·

265 978 317 1034 tra
334 960 432 1056 legem
452 978 600 1045 nature,
622 959 797 1056 riquione
809 967 893 1056 jure
903 961 957 1037 suo
988 948 994 1003 ³

246 1062 301 1128 in
320 1064 427 1129 omnic
444 1081 515 1131 non
537 1057 689 1133 decedat.
804 1117 808 1123 -

106 1156 200 1237 'Qutc
215 1159 255 1234 stt
314 1153 375 1226 IV.
395 1152 557 1228 Decedere
573 1173 686 1228 nutem
697 1151 825 1244 dejure
841 1154 902 1231 suo
913 1152 958 1228 n·

65 1261 76 1271 '
106 1233 228 1360 ψ’*
267 1251 374 1332 citur,
395 1252 454 1344 qui
470 1250 540 1344 juri
558 1242 620 1323 suo
636 1246 957 1344 velfimplicirerre·

101 1322 253 1445 fflffqssn,
266 1349 427 1428 nunciat,
444 1347 501 1418 vel
519 1348 556 1418 in
570 1348 672 1419 alium
691 1343 867 1421 transfert.
881 1353 957 1431 uin·

104 1443 593 1539 i“ultram-pliciterrenunciat,
607 1437 703 1536 quifi
730 1464 777 1515 no
790 1440 958 1540 vel'fignis

98 1514 189 1629 Μ
264 1539 398 1612 idoneis
415 1537 577 1622 declarat,
595 1466 728 1612 vellel{
740 1560 815 1611 non
827 1540 957 1614 licitum
989 1568 994 1585 ²

264 1630 327 1710 fibi
342 1634 484 1726 amplius
496 1631 569 1707 fore
585 1652 714 1709 certum
729 1633 863 1727 aliquid
875 1632 957 1709 faor·

263 1753 323 1813 rc,
352 1729 445 1824 quod
464 1731 545 1820 jure
567 1729 665 1803 antei
687 1726 799 1802 fecisse
816 1748 956 1823 poterat.

172 1820 184 1842 ’
267 1825 439 1920 Trurrsfert
448 1843 559 1898 autern
569 1824 606 1898 in
617 1827 856 1919 alterum‚qui
865 1825 957 1922 iigno

261 1923 319 1997 uel
337 1920 443 2016 fignis
463 1920 596 1995 idoneis
613 1922 665 1995 illi
683 1921 799 2004 alteri,
816 1919 855 1993 id
871 1924 957 2013 juris

260 2019 395 2090 volenti
407 2015 449 2089 ab
469 2041 510 2088 eo
524 2021 691 2109 accipere,
705 2013 858 2093 declarat
875 2019 956 2092 velie

260 2109 311 2194 fe,
326 2136 398 2184 non
419 2113 551 2185 licitum
571 2110 635 2186 fibi
651 2111 798 2206 amplius
813 2108 956 2208 foreipfi
992 2180 994 2189 .

191 2209 194 2214 ’
260 2206 406 2281 refistere
418 2226 549 2283 certum
559 2206 686 2302 aliquid
698 2211 835 2303 agenti,
856 2225 955 2304 prout
992 2228 994 2233 ·

146 2382 150 2388 ,
261 2307 292 2378 ei
311 2298 458 2376 resistere
473 2305 553 2392 jure
574 2322 673 2377 antea
694 2322 840 2396 poterat.
865 2311 955 2392 Juru

260 2417 373 2473 autent
390 2399 635 2474 translationem
647 2403 684 2471 in
700 2396 770 2493 soli
782 2424 859 2473 non
871 2392 956 2476 redf-
991 2420 994 2425 ’

258 2497 368 2570 tentia
389 2490 585 2580 consistere,
606 2520 649 2568 ex
672 2520 713 2568 eo
730 2496 953 2592 intelligitur.
984 2544 994 2573 t

259 2588 354 2684 quod
370 2608 448 2664 ante
463 2591 554 2680 juris
576 2589 852 2676 translationem,
873 2594 955 2666 isin

259 2709 364 2781 quem
391 2683 590 2760 transfertur
626 2687 681 2777 jus
708 2685 864 2762 habebat
889 2688 955 2783 jan

200 2870 203 2875 1
258 2798 337 2858 turn
353 2784 390 2854 in
409 2786 545 2865 omnint
557 2778 648 2857 unde
662 2805 796 2856 novum
808 2784 871 2873 jus
884 2784 954 2877 dett
975 2814 977 2819 ·

258 2902 332 2953 non
356 2880 492 2971 potuit,
517 2876 575 2952 sed
605 2875 691 2971 justa
718 2877 956 2953 transferentis
992 2910 994 2959 ι

258 2970 468 3058 resistentia,
497 2993 761 3068 propterquam
793 2975 879 3065 jure
900 2972 953 3048 suo
990 2968 994 3089 4

260 3072 345 3144 alter
371 3065 437 3142 frui
466 3093 540 3143 non
564 3071 697 3162 potuit,
730 3073 950 3168 extinguitur.

259 3167 472 3264 Quicunque
481 3168 587 3267 igitur
595 3168 655 3266 jus
664 3168 862 3264 acquiritur
872 3166 951 3259 statu

769 3258 950 3359 dominun

982 3378 994 3435 f
