<?xml version="1.0" encoding="UTF-8"?>
<!DOCTYPE html PUBLIC "-//W3C//DTD XHTML 1.0 Transitional//EN"
    "http://www.w3.org/TR/xhtml1/DTD/xhtml1-transitional.dtd">
<html xmlns="http://www.w3.org/1999/xhtml" xml:lang="en" lang="en">
 <head>
  <title>
</title>
<meta http-equiv="Content-Type" content="text/html;charset=utf-8" />
  <meta name='ocr-system' content='tesseract 3.04.00' />
  <meta name='ocr-capabilities' content='ocr_page ocr_carea ocr_par ocr_line ocrx_word'/>
</head>
<body>
  <div class='ocr_page' id='page_1' title='image "./elementaphiloso00hobbgoog_0282.png"; bbox 0 0 1996 3666; ppageno 0'>
   <div class='ocr_carea' id='block_1_1' title="bbox 10 236 929 3243">
    <p class='ocr_par' dir='ltr' id='par_1_1' title="bbox 10 236 929 3243">
     <span class='ocr_line' id='line_1_1' title="bbox 223 236 794 341; baseline 0 -24"><span class='ocrx_word' id='word_1_1' title='bbox 223 236 456 320; x_wconf 68' lang='lat' dir='ltr'>caau&#39;a</span> <span class='ocrx_word' id='word_1_2' title='bbox 505 243 624 319; x_wconf 88' lang='lat' dir='ltr'>XIV.</span> <span class='ocrx_word' id='word_1_3' title='bbox 698 245 794 341; x_wconf 72' lang='lat'>263·</span> 
     </span>
     <span class='ocr_line' id='line_1_2' title="bbox 64 360 929 459; baseline 0.001 -20"><span class='ocrx_word' id='word_1_4' title='bbox 64 362 227 448; x_wconf 69' lang='lat' dir='ltr'>civitati,</span> <span class='ocrx_word' id='word_1_5' title='bbox 246 363 313 438; x_wconf 84' lang='lat' dir='ltr'>hoc</span> <span class='ocrx_word' id='word_1_6' title='bbox 330 363 399 449; x_wconf 83' lang='lat' dir='ltr'>est,</span> <span class='ocrx_word' id='word_1_7' title='bbox 415 360 549 437; x_wconf 85' lang='lat' dir='ltr'><strong>summo</strong></span> <span class='ocrx_word' id='word_1_8' title='bbox 566 368 748 459; x_wconf 82' lang='lat' dir='ltr'>imperanti</span> <span class='ocrx_word' id='word_1_9' title='bbox 759 385 814 450; x_wconf 76' lang='lat' dir='ltr'>,sae</span> <span class='ocrx_word' id='word_1_10' title='bbox 839 388 929 455; x_wconf 55' lang='lat' dir='ltr'>majia</span> 
     </span>
     <span class='ocr_line' id='line_1_3' title="bbox 67 458 852 544; baseline 0.003 -10"><span class='ocrx_word' id='word_1_11' title='bbox 67 458 140 534; x_wconf 81' lang='lat' dir='ltr'>five</span> <span class='ocrx_word' id='word_1_12' title='bbox 163 465 194 534; x_wconf 83' lang='lat' dir='ltr'>is</span> <span class='ocrx_word' id='word_1_13' title='bbox 217 485 309 532; x_wconf 89' lang='lat' dir='ltr'>unus</span> <span class='ocrx_word' id='word_1_14' title='bbox 336 459 467 544; x_wconf 86' lang='lat' dir='ltr'><strong>homo,</strong></span> <span class='ocrx_word' id='word_1_15' title='bbox 492 459 559 533; x_wconf 87' lang='lat' dir='ltr'>five</span> <span class='ocrx_word' id='word_1_16' title='bbox 581 487 649 534; x_wconf 83' lang='lat' dir='ltr'>una</span> <span class='ocrx_word' id='word_1_17' title='bbox 676 459 852 536; x_wconf 57' lang='lat' dir='ltr'>curiatam·</span> 
     </span>
     <span class='ocr_line' id='line_1_4' title="bbox 71 554 771 652; baseline 0.006 -24"><span class='ocrx_word' id='word_1_18' title='bbox 71 554 134 641; x_wconf 82' lang='lat' dir='ltr'>fit,</span> <span class='ocrx_word' id='word_1_19' title='bbox 161 554 401 633; x_wconf 82' lang='lat' dir='ltr'>absolutam&amp;</span> <span class='ocrx_word' id='word_1_20' title='bbox 421 555 643 632; x_wconf 84' lang='lat' dir='ltr'>universalem</span> <span class='ocrx_word' id='word_1_21' title='bbox 662 561 771 652; x_wconf 88' lang='lat' dir='ltr'>(qua-</span> 
     </span>
     <span class='ocr_line' id='line_1_5' title="bbox 73 651 852 751; baseline 0.004 -26"><span class='ocrx_word' id='word_1_22' title='bbox 73 653 139 725; x_wconf 89' lang='lat' dir='ltr'>lem</span> <span class='ocrx_word' id='word_1_23' title='bbox 170 651 242 746; x_wconf 77' lang='lat' dir='ltr'><strong>sup.</strong></span> <span class='ocrx_word' id='word_1_24' title='bbox 264 657 374 744; x_wconf 81' lang='lat' dir='ltr'>eapite</span> <span class='ocrx_word' id='word_1_25' title='bbox 402 656 595 726; x_wconf 86' lang='lat' dir='ltr'>&amp;articulo</span> <span class='ocrx_word' id='word_1_26' title='bbox 612 653 770 728; x_wconf 87' lang='lat' dir='ltr'>definivi·</span> <span class='ocrx_word' id='word_1_27' title='bbox 843 732 852 751; x_wconf 50' lang='lat'>,</span> 
     </span>
     <span class='ocr_line' id='line_1_6' title="bbox 71 745 850 843; baseline 0.004 -22"><span class='ocrx_word' id='word_1_28' title='bbox 71 745 183 839; x_wconf 81' lang='lat' dir='ltr'>mut)</span> <span class='ocrx_word' id='word_1_29' title='bbox 213 748 430 842; x_wconf 85' lang='lat' dir='ltr'>praestandam</span> <span class='ocrx_word' id='word_1_30' title='bbox 460 749 678 843; x_wconf 79' lang='lat' dir='ltr'>obligantur,</span> <span class='ocrx_word' id='word_1_31' title='bbox 712 750 779 824; x_wconf 50' lang='lat' dir='ltr'>de*</span> <span class='ocrx_word' id='word_1_32' title='bbox 848 755 850 763; x_wconf 88' lang='lat'>&#39;</span> 
     </span>
     <span class='ocr_line' id='line_1_7' title="bbox 71 843 769 942; baseline 0.01 -26"><span class='ocrx_word' id='word_1_33' title='bbox 71 848 201 917; x_wconf 83' lang='lat' dir='ltr'>rivatur</span> <span class='ocrx_word' id='word_1_34' title='bbox 230 843 398 938; x_wconf 82' lang='lat' dir='ltr'>obligatio</span> <span class='ocrx_word' id='word_1_35' title='bbox 431 846 473 917; x_wconf 84' lang='lat' dir='ltr'>ad</span> <span class='ocrx_word' id='word_1_36' title='bbox 500 843 648 940; x_wconf 78' lang='lat' dir='ltr'>singulae</span> <span class='ocrx_word' id='word_1_37' title='bbox 678 847 769 942; x_wconf 83' lang='lat' dir='ltr'>leges</span> 
     </span>
     <span class='ocr_line' id='line_1_8' title="bbox 71 938 829 1036; baseline 0.005 -25"><span class='ocrx_word' id='word_1_38' title='bbox 71 942 185 1013; x_wconf 76' lang='lat' dir='ltr'>civiles</span> <span class='ocrx_word' id='word_1_39' title='bbox 207 938 458 1022; x_wconf 82' lang='lat' dir='ltr'>observandas,</span> <span class='ocrx_word' id='word_1_40' title='bbox 478 944 523 1013; x_wconf 82' lang='lat' dir='ltr'>ita</span> <span class='ocrx_word' id='word_1_41' title='bbox 541 959 580 1013; x_wconf 90' lang='lat' dir='ltr'>ut</span> <span class='ocrx_word' id='word_1_42' title='bbox 597 943 679 1014; x_wconf 89' lang='lat' dir='ltr'>illud</span> <span class='ocrx_word' id='word_1_43' title='bbox 692 968 770 1036; x_wconf 84' lang='lat' dir='ltr'>pac-</span> <span class='ocrx_word' id='word_1_44' title='bbox 821 950 829 967; x_wconf 93' lang='lat'><strong><em>‘</em></strong></span> 
     </span>
     <span class='ocr_line' id='line_1_9' title="bbox 74 1034 769 1129; baseline 0.004 -21"><span class='ocrx_word' id='word_1_45' title='bbox 74 1052 143 1108; x_wconf 86' lang='lat' dir='ltr'>tum</span> <span class='ocrx_word' id='word_1_46' title='bbox 164 1038 342 1110; x_wconf 81' lang='lat' dir='ltr'>contineat</span> <span class='ocrx_word' id='word_1_47' title='bbox 362 1039 409 1108; x_wconf 91' lang='lat' dir='ltr'>in·</span> <span class='ocrx_word' id='word_1_48' title='bbox 424 1034 456 1108; x_wconf 82' lang='lat' dir='ltr'>se</span> <span class='ocrx_word' id='word_1_49' title='bbox 482 1038 572 1129; x_wconf 85' lang='lat' dir='ltr'>leges</span> <span class='ocrx_word' id='word_1_50' title='bbox 591 1062 709 1110; x_wconf 85' lang='lat' dir='ltr'>omnes</span> <span class='ocrx_word' id='word_1_51' title='bbox 727 1037 769 1111; x_wconf 86' lang='lat' dir='ltr'>fi-</span> 
     </span>
     <span class='ocr_line' id='line_1_10' title="bbox 72 1130 768 1225; baseline 0.003 -22"><span class='ocrx_word' id='word_1_52' title='bbox 72 1134 167 1212; x_wconf 80' lang='lat' dir='ltr'>mu13</span> <span class='ocrx_word' id='word_1_53' title='bbox 188 1130 402 1204; x_wconf 84' lang='lat' dir='ltr'>manifestum</span> <span class='ocrx_word' id='word_1_54' title='bbox 425 1130 470 1204; x_wconf 91' lang='lat' dir='ltr'>est</span> <span class='ocrx_word' id='word_1_55' title='bbox 490 1137 599 1205; x_wconf 87' lang='lat' dir='ltr'>civem</span> <span class='ocrx_word' id='word_1_56' title='bbox 615 1137 674 1225; x_wconf 91' lang='lat' dir='ltr'>qui</span> <span class='ocrx_word' id='word_1_57' title='bbox 692 1159 768 1224; x_wconf 86' lang='lat' dir='ltr'>pae-</span> 
     </span>
     <span class='ocr_line' id='line_1_11' title="bbox 71 1222 803 1323; baseline -0.001 -24"><span class='ocrx_word' id='word_1_58' title='bbox 71 1242 105 1300; x_wconf 83' lang='lat' dir='ltr'>to</span> <span class='ocrx_word' id='word_1_59' title='bbox 130 1228 284 1323; x_wconf 66' lang='lat' dir='ltr'>generali</span> <span class='ocrx_word' id='word_1_60' title='bbox 310 1222 517 1299; x_wconf 73' lang='lat' dir='ltr'>&#39;obedientiae</span> <span class='ocrx_word' id='word_1_61' title='bbox 541 1231 766 1301; x_wconf 82' lang='lat' dir='ltr'>renunciave-</span> <span class='ocrx_word' id='word_1_62' title='bbox 795 1225 803 1242; x_wconf 82' lang='grc'><em>’</em></span> 
     </span>
     <span class='ocr_line' id='line_1_12' title="bbox 69 1320 766 1416; baseline -0.009 -19"><span class='ocrx_word' id='word_1_63' title='bbox 69 1325 142 1406; x_wconf 81' lang='lat' dir='ltr'>tit,</span> <span class='ocrx_word' id='word_1_64' title='bbox 173 1323 335 1395; x_wconf 85' lang='lat' dir='ltr'>omnibus</span> <span class='ocrx_word' id='word_1_65' title='bbox 358 1320 459 1396; x_wconf 82' lang='lat' dir='ltr'>simul</span> <span class='ocrx_word' id='word_1_66' title='bbox 484 1325 616 1416; x_wconf 84' lang='lat' dir='ltr'>legibus</span> <span class='ocrx_word' id='word_1_67' title='bbox 638 1348 766 1396; x_wconf 77' lang='lat' dir='ltr'>renun-</span> 
     </span>
     <span class='ocr_line' id='line_1_13' title="bbox 68 1418 765 1513; baseline -0.001 -21"><span class='ocrx_word' id='word_1_68' title='bbox 68 1423 165 1493; x_wconf 76' lang='lat' dir='ltr'>tiare.</span> <span class='ocrx_word' id='word_1_69' title='bbox 186 1420 292 1507; x_wconf 79' lang='lat' dir='ltr'>Quod</span> <span class='ocrx_word' id='word_1_70' title='bbox 303 1420 439 1492; x_wconf 83' lang='lat' dir='ltr'>malum</span> <span class='ocrx_word' id='word_1_71' title='bbox 458 1438 552 1492; x_wconf 84' lang='lat' dir='ltr'>tanto</span> <span class='ocrx_word' id='word_1_72' title='bbox 565 1423 702 1513; x_wconf 85' lang='lat' dir='ltr'>gravius</span> <span class='ocrx_word' id='word_1_73' title='bbox 717 1418 765 1491; x_wconf 88' lang='lat' dir='ltr'>est</span> 
     </span>
     <span class='ocr_line' id='line_1_14' title="bbox 65 1515 766 1611; baseline 0 -24"><span class='ocrx_word' id='word_1_74' title='bbox 65 1515 224 1611; x_wconf 85' lang='lat' dir='ltr'>quolibet</span> <span class='ocrx_word' id='word_1_75' title='bbox 244 1533 383 1607; x_wconf 82' lang='lat' dir='ltr'>peceato</span> <span class='ocrx_word' id='word_1_76' title='bbox 407 1539 507 1596; x_wconf 88' lang='lat' dir='ltr'><strong>uno,</strong></span> <span class='ocrx_word' id='word_1_77' title='bbox 530 1534 665 1608; x_wconf 84' lang='lat' dir='ltr'>quanto</span> <span class='ocrx_word' id='word_1_78' title='bbox 690 1540 766 1608; x_wconf 83' lang='lat' dir='ltr'>pec-</span> 
     </span>
     <span class='ocr_line' id='line_1_15' title="bbox 62 1609 763 1704; baseline 0.003 -22"><span class='ocrx_word' id='word_1_79' title='bbox 62 1634 141 1689; x_wconf 75' lang='lat' dir='ltr'>cate</span> <span class='ocrx_word' id='word_1_80' title='bbox 149 1611 297 1704; x_wconf 82' lang='lat' dir='ltr'>semper,</span> <span class='ocrx_word' id='word_1_81' title='bbox 320 1614 459 1702; x_wconf 82' lang='lat' dir='ltr'>gravius</span> <span class='ocrx_word' id='word_1_82' title='bbox 476 1609 522 1683; x_wconf 89' lang='lat' dir='ltr'>est</span> <span class='ocrx_word' id='word_1_83' title='bbox 540 1635 641 1704; x_wconf 87' lang='lat' dir='ltr'>quam</span> <span class='ocrx_word' id='word_1_84' title='bbox 656 1610 763 1704; x_wconf 82' lang='lat' dir='ltr'>semel.</span> 
     </span>
     <span class='ocr_line' id='line_1_16' title="bbox 63 1705 803 1801; baseline 0.001 -22"><span class='ocrx_word' id='word_1_85' title='bbox 63 1708 182 1799; x_wconf 76' lang='lat' dir='ltr'>Atque</span> <span class='ocrx_word' id='word_1_86' title='bbox 206 1705 274 1778; x_wconf 88' lang='lat' dir='ltr'>hoe</span> <span class='ocrx_word' id='word_1_87' title='bbox 295 1706 343 1779; x_wconf 88' lang='lat' dir='ltr'>est</span> <span class='ocrx_word' id='word_1_88' title='bbox 364 1725 542 1801; x_wconf 84' lang='lat' dir='ltr'>peecatum</span> <span class='ocrx_word' id='word_1_89' title='bbox 566 1707 651 1779; x_wconf 84' lang='lat' dir='ltr'>iilud</span> <span class='ocrx_word' id='word_1_90' title='bbox 669 1706 762 1800; x_wconf 87' lang='lat' dir='ltr'>quod</span> <span class='ocrx_word' id='word_1_91' title='bbox 800 1784 803 1789; x_wconf 70' lang='grc'><strong>,</strong></span> 
     </span>
     <span class='ocr_line' id='line_1_17' title="bbox 60 1803 763 1898; baseline 0.003 -23"><span class='ocrx_word' id='word_1_92' title='bbox 60 1821 214 1877; x_wconf 72' lang='lat' dir='ltr'>vocatur</span> <span class='ocrx_word' id='word_1_93' title='bbox 239 1803 401 1876; x_wconf 72' lang='lat' dir='ltr'>Catmau</span> <span class='ocrx_word' id='word_1_94' title='bbox 435 1824 544 1879; x_wconf 67' lang='lat' dir='ltr'>ueste</span> <span class='ocrx_word' id='word_1_95' title='bbox 571 1824 763 1898; x_wconf 70' lang='lat' dir='ltr'><strong>MAJESTA·</strong></span> 
     </span>
     <span class='ocr_line' id='line_1_18' title="bbox 66 1895 761 1995; baseline -0.004 -21"><span class='ocrx_word' id='word_1_96' title='bbox 66 1919 162 1995; x_wconf 67' lang='lat'>118,</span> <span class='ocrx_word' id='word_1_97' title='bbox 197 1900 231 1970; x_wconf 82' lang='lat'>&amp;</span> <span class='ocrx_word' id='word_1_98' title='bbox 249 1897 300 1970; x_wconf 85' lang='lat' dir='ltr'>est</span> <span class='ocrx_word' id='word_1_99' title='bbox 324 1895 449 1970; x_wconf 68' lang='lat' dir='ltr'>fattum</span> <span class='ocrx_word' id='word_1_100' title='bbox 472 1900 524 1971; x_wconf 88' lang='lat' dir='ltr'>vel</span> <span class='ocrx_word' id='word_1_101' title='bbox 542 1899 670 1974; x_wconf 71' lang='lat' dir='ltr'>dietum</span> <span class='ocrx_word' id='word_1_102' title='bbox 690 1925 761 1993; x_wconf 88' lang='lat' dir='ltr'>quo</span> 
     </span>
     <span class='ocr_line' id='line_1_19' title="bbox 63 1989 761 2077; baseline 0.001 -11"><span class='ocrx_word' id='word_1_103' title='bbox 63 1996 172 2075; x_wconf 83' lang='lat' dir='ltr'>civis,</span> <span class='ocrx_word' id='word_1_104' title='bbox 212 1989 274 2066; x_wconf 85' lang='lat' dir='ltr'>seu·</span> <span class='ocrx_word' id='word_1_105' title='bbox 296 1990 476 2077; x_wconf 82' lang='lat' dir='ltr'>subditus,</span> <span class='ocrx_word' id='word_1_106' title='bbox 514 1995 658 2069; x_wconf 85' lang='lat' dir='ltr'>declarat</span> <span class='ocrx_word' id='word_1_107' title='bbox 688 2021 761 2068; x_wconf 89' lang='lat' dir='ltr'>non</span> 
     </span>
     <span class='ocr_line' id='line_1_20' title="bbox 10 2086 762 2184; baseline 0.005 -24"><span class='ocrx_word' id='word_1_108' title='bbox 10 2096 17 2113; x_wconf 86' lang='lat'>&#39;</span> <span class='ocrx_word' id='word_1_109' title='bbox 63 2086 129 2161; x_wconf 70' lang='lat' dir='ltr'>effe</span> <span class='ocrx_word' id='word_1_110' title='bbox 151 2086 215 2162; x_wconf 83' lang='lat' dir='ltr'>fibi</span> <span class='ocrx_word' id='word_1_111' title='bbox 232 2091 377 2184; x_wconf 85' lang='lat' dir='ltr'>amplius</span> <span class='ocrx_word' id='word_1_112' title='bbox 398 2092 631 2174; x_wconf 83' lang='lat' dir='ltr'>voluntatem,</span> <span class='ocrx_word' id='word_1_113' title='bbox 651 2095 681 2163; x_wconf 90' lang='lat' dir='ltr'>ei</span> <span class='ocrx_word' id='word_1_114' title='bbox 697 2091 762 2164; x_wconf 84' lang='lat' dir='ltr'>ho-</span> 
     </span>
     <span class='ocr_line' id='line_1_21' title="bbox 62 2186 764 2279; baseline 0.004 -22"><span class='ocrx_word' id='word_1_115' title='bbox 62 2188 152 2258; x_wconf 85' lang='lat' dir='ltr'>mini</span> <span class='ocrx_word' id='word_1_116' title='bbox 180 2186 236 2258; x_wconf 85' lang='lat' dir='ltr'>vel</span> <span class='ocrx_word' id='word_1_117' title='bbox 265 2190 367 2279; x_wconf 82' lang='lat' dir='ltr'>curiae</span> <span class='ocrx_word' id='word_1_118' title='bbox 395 2187 451 2258; x_wconf 86' lang='lat' dir='ltr'>cui</span> <span class='ocrx_word' id='word_1_119' title='bbox 474 2186 691 2259; x_wconf 73' lang='lat' dir='ltr'>&#39;commiffum</span> <span class='ocrx_word' id='word_1_120' title='bbox 717 2187 764 2260; x_wconf 87' lang='lat' dir='ltr'>est</span> 
     </span>
     <span class='ocr_line' id='line_1_22' title="bbox 62 2277 762 2374; baseline 0.006 -22"><span class='ocrx_word' id='word_1_121' title='bbox 62 2277 237 2356; x_wconf 86' lang='lat' dir='ltr'>summum</span> <span class='ocrx_word' id='word_1_122' title='bbox 267 2284 413 2355; x_wconf 82' lang='lat' dir='ltr'>civitatis</span> <span class='ocrx_word' id='word_1_123' title='bbox 437 2283 643 2374; x_wconf 83' lang='lat' dir='ltr'>imperium,</span> <span class='ocrx_word' id='word_1_124' title='bbox 678 2285 762 2356; x_wconf 90' lang='lat' dir='ltr'>obe-</span> 
     </span>
     <span class='ocr_line' id='line_1_23' title="bbox 61 2375 761 2470; baseline 0.001 -21"><span class='ocrx_word' id='word_1_125' title='bbox 61 2375 191 2451; x_wconf 83' lang='lat' dir='ltr'>diendi.</span> <span class='ocrx_word' id='word_1_126' title='bbox 210 2376 255 2457; x_wconf 85' lang='lat' dir='ltr'>Et</span> <span class='ocrx_word' id='word_1_127' title='bbox 270 2376 363 2453; x_wconf 69' lang='lat' dir='ltr'>fatto</span> <span class='ocrx_word' id='word_1_128' title='bbox 375 2377 537 2470; x_wconf 88' lang='lat' dir='ltr'>quidem,</span> <span class='ocrx_word' id='word_1_129' title='bbox 560 2375 761 2469; x_wconf 85' lang='lat' dir='ltr'>hujusmodi</span> 
     </span>
     <span class='ocr_line' id='line_1_24' title="bbox 61 2474 760 2566; baseline 0 -20"><span class='ocrx_word' id='word_1_130' title='bbox 61 2474 290 2547; x_wconf 85' lang='lat' dir='ltr'>voluntatem.</span> <span class='ocrx_word' id='word_1_131' title='bbox 309 2474 455 2547; x_wconf 83' lang='lat' dir='ltr'>declarat</span> <span class='ocrx_word' id='word_1_132' title='bbox 478 2475 586 2555; x_wconf 86' lang='lat' dir='ltr'>civis,</span> <span class='ocrx_word' id='word_1_133' title='bbox 622 2474 760 2566; x_wconf 84' lang='lat' dir='ltr'>quande</span> 
     </span>
     <span class='ocr_line' id='line_1_25' title="bbox 61 2566 761 2662; baseline 0.003 -21"><span class='ocrx_word' id='word_1_134' title='bbox 61 2568 263 2644; x_wconf 81' lang='lat' dir='ltr'>viminfert</span> <span class='ocrx_word' id='word_1_135' title='bbox 285 2570 342 2643; x_wconf 83' lang='lat' dir='ltr'>vel</span> <span class='ocrx_word' id='word_1_136' title='bbox 368 2566 492 2642; x_wconf 86' lang='lat' dir='ltr'>inferre</span> <span class='ocrx_word' id='word_1_137' title='bbox 518 2588 663 2651; x_wconf 82' lang='lat' dir='ltr'>conatur</span> <span class='ocrx_word' id='word_1_138' title='bbox 687 2594 761 2662; x_wconf 79' lang='lat' dir='ltr'>per-</span> 
     </span>
     <span class='ocr_line' id='line_1_26' title="bbox 59 2660 871 2764; baseline -0.006 -27"><span class='ocrx_word' id='word_1_139' title='bbox 59 2660 150 2739; x_wconf 78' lang='lat' dir='ltr'>sonis</span> <span class='ocrx_word' id='word_1_140' title='bbox 171 2690 292 2751; x_wconf 83' lang='lat' dir='ltr'>eorum</span> <span class='ocrx_word' id='word_1_141' title='bbox 309 2667 372 2761; x_wconf 91' lang='lat' dir='ltr'>qui</span> <span class='ocrx_word' id='word_1_142' title='bbox 388 2666 444 2738; x_wconf 88' lang='lat' dir='ltr'>vel</span> <span class='ocrx_word' id='word_1_143' title='bbox 464 2664 634 2741; x_wconf 87' lang='lat' dir='ltr'>summum</span> <span class='ocrx_word' id='word_1_144' title='bbox 652 2668 762 2764; x_wconf 83' lang='lat' dir='ltr'>impe.</span> <span class='ocrx_word' id='word_1_145' title='bbox 857 2726 871 2748; x_wconf 36' lang='grc'>,,</span> 
     </span>
     <span class='ocr_line' id='line_1_27' title="bbox 58 2760 761 2846; baseline 0 -9"><span class='ocrx_word' id='word_1_146' title='bbox 58 2762 152 2837; x_wconf 77' lang='lat' dir='ltr'>rium</span> <span class='ocrx_word' id='word_1_147' title='bbox 178 2760 330 2846; x_wconf 84' lang='lat' dir='ltr'>habent,</span> <span class='ocrx_word' id='word_1_148' title='bbox 359 2764 414 2835; x_wconf 88' lang='lat' dir='ltr'>vel</span> <span class='ocrx_word' id='word_1_149' title='bbox 441 2760 643 2835; x_wconf 84' lang='lat' dir='ltr'>habentium</span> <span class='ocrx_word' id='word_1_150' title='bbox 666 2790 761 2837; x_wconf 83' lang='lat' dir='ltr'>man-</span> 
     </span>
     <span class='ocr_line' id='line_1_28' title="bbox 58 2854 761 2955; baseline 0.007 -28"><span class='ocrx_word' id='word_1_151' title='bbox 58 2855 142 2951; x_wconf 77' lang='lat' dir='ltr'>data</span> <span class='ocrx_word' id='word_1_152' title='bbox 153 2854 403 2953; x_wconf 85' lang='lat' dir='ltr'>exsequuntur,</span> <span class='ocrx_word' id='word_1_153' title='bbox 419 2858 536 2955; x_wconf 84' lang='lat' dir='ltr'>quales</span> <span class='ocrx_word' id='word_1_154' title='bbox 549 2856 626 2932; x_wconf 82' lang='lat' dir='ltr'>suat</span> <span class='ocrx_word' id='word_1_155' title='bbox 645 2861 761 2952; x_wconf 88' lang='lat' dir='ltr'>prodi·</span> 
     </span>
     <span class='ocr_line' id='line_1_29' title="bbox 58 2955 761 3050; baseline 0.004 -25"><span class='ocrx_word' id='word_1_156' title='bbox 58 2966 173 3037; x_wconf 74' lang='lat' dir='ltr'>tores,</span> <span class='ocrx_word' id='word_1_157' title='bbox 197 2955 371 3050; x_wconf 84' lang='lat' dir='ltr'>regicidae,</span> <span class='ocrx_word' id='word_1_158' title='bbox 399 2957 432 3030; x_wconf 70' lang='grc' dir='ltr'>ἃ</span> <span class='ocrx_word' id='word_1_159' title='bbox 456 2959 628 3048; x_wconf 79' lang='lat' dir='ltr'>qui&#39;arma</span> <span class='ocrx_word' id='word_1_160' title='bbox 642 2972 761 3028; x_wconf 78' lang='lat' dir='ltr'>contra</span> 
     </span>
     <span class='ocr_line' id='line_1_30' title="bbox 57 3048 761 3147; baseline 0 -26"><span class='ocrx_word' id='word_1_161' title='bbox 57 3048 239 3147; x_wconf 71' lang='lat' dir='ltr'>civitatem</span> <span class='ocrx_word' id='word_1_162' title='bbox 249 3048 402 3147; x_wconf 63' lang='lat' dir='ltr'>gerunt,</span> <span class='ocrx_word' id='word_1_163' title='bbox 426 3053 480 3126; x_wconf 91' lang='lat' dir='ltr'>vel</span> <span class='ocrx_word' id='word_1_164' title='bbox 502 3050 546 3124; x_wconf 77' lang='lat' dir='ltr'>a&#39;d</span> <span class='ocrx_word' id='word_1_165' title='bbox 568 3048 678 3122; x_wconf 86' lang='lat' dir='ltr'>hostes</span> <span class='ocrx_word' id='word_1_166' title='bbox 696 3049 761 3121; x_wconf 80' lang='lat' dir='ltr'>du·</span> 
     </span>
     <span class='ocr_line' id='line_1_31' title="bbox 59 3133 814 3243; baseline 0.001 -26"><span class='ocrx_word' id='word_1_167' title='bbox 59 3158 158 3219; x_wconf 73' lang='lat' dir='ltr'>rante</span> <span class='ocrx_word' id='word_1_168' title='bbox 168 3133 261 3219; x_wconf 72' lang='lat' dir='ltr'>betto</span> <span class='ocrx_word' id='word_1_169' title='bbox 270 3144 511 3243; x_wconf 80' lang='lat' dir='ltr'>transfugiunt.</span> <span class='ocrx_word' id='word_1_170' title='bbox 530 3148 633 3221; x_wconf 73' lang='lat' dir='ltr'>Dit‘to</span> <span class='ocrx_word' id='word_1_171' title='bbox 643 3164 759 3219; x_wconf 87' lang='lat' dir='ltr'>autem</span> <span class='ocrx_word' id='word_1_172' title='bbox 806 3140 814 3155; x_wconf 84' lang='grc'><strong>’</strong></span> 
     </span>
    </p>
   </div>
   <div class='ocr_carea' id='block_1_2' title="bbox 48 3232 760 3361">
    <p class='ocr_par' dir='ltr' id='par_1_2' title="bbox 48 3232 760 3361">
     <span class='ocr_line' id='line_1_32' title="bbox 48 3232 760 3361; baseline 0.001 -40"><span class='ocrx_word' id='word_1_173' title='bbox 48 3238 276 3361; x_wconf 50' lang='lat' dir='ltr'>§summatem</span> <span class='ocrx_word' id='word_1_174' title='bbox 293 3243 446 3343; x_wconf 68' lang='lat' dir='ltr'>‘eandem</span> <span class='ocrx_word' id='word_1_175' title='bbox 483 3232 674 3327; x_wconf 65' lang='lat' dir='ltr'>ostendent·</span> <span class='ocrx_word' id='word_1_176' title='bbox 690 3240 760 3339; x_wconf 75' lang='lat' dir='ltr'>&#39;&#39;tiui</span> 
     </span>
    </p>
   </div>
   <div class='ocr_carea' id='block_1_3' title="bbox 0 0 1002 3666">
    <p class='ocr_par' dir='ltr' id='par_1_3' title="bbox 0 0 1002 3666">
     <span class='ocr_line' id='line_1_33' title="bbox 0 0 1002 3666; baseline 0 3"><span class='ocrx_word' id='word_1_177' title='bbox 0 0 1002 3666; x_wconf 95' lang='lat' dir='ltr'> </span> 
     </span>
    </p>
   </div>
  </div>
 </body>
</html>
