1996 3666
266 192 448 272 earu
473 214 500 269 τ
547 191 634 271 XV:
734 196 807 291 '273

97 312 179 391 eiset
203 317 367 389 omnibus
388 318 425 388 in
446 317 585 399 omnia,
613 315 806 409 unicuique
835 359 837 363 ·

96 432 167 488 erat
184 412 242 509 jus
271 415 307 484 in
330 436 452 484 ornnes
477 411 640 505 regnandi
664 408 726 505 ipfi
743 435 807 487 na-

94 525 183 581 turae
200 532 373 588 coaevurm
399 505 494 580 causa
505 525 620 580 aurern
635 532 739 600 quare
752 509 807 581 in-

94 614 147 676 ter'
168 602 328 697 homines
347 602 383 675 id
400 604 570 693 abolitum
589 601 709 686 suerit,
737 604 802 680 alia

59 717 63 722 ’
93 723 167 772 non
200 718 283 791 erar
302 719 422 791 praeter
453 699 616 772 mutuum
646 720 799 784 metum,

92 792 249 885 utsupra
269 799 377 888 capite
391 793 564 876 secundo,
591 797 735 870 articulo
755 814 797 888 3,

91 888 265 962 ostensum
292 890 358 970 est3
383 890 530 963 dieiante
552 887 676 965 scilicet
693 896 798 966 ratio·

90 1006 136 1060 ne
160 986 391 1059 decedendum
415 984 475 1060 effe
492 987 600 1079 ajune
617 988 676 1060 iiio
694 1011 797 1082 prop-

89 1099 144 1156 ter
163 1079 457 1156 conservationem
472 1080 617 1154 humani
639 1086 816 1176 generi&¹

88 1178 172 1271 quia
194 1179 422 1271 aequalitatem
448 1178 633 1252 hominum
652 1176 793 1253 intense
859 1199 873 1265 ᾗ
908 1256 911 1273 ,

87 1273 203 1366 quoad
220 1279 308 1348 vires
323 1278 354 1348 ἃ
367 1275 536 1369 potentias
550 1275 718 1347 naturales
732 1298 793 1345 ne.

88 1367 226 1442 ceii'ario
244 1369 514 1464 consequebatur
530 1369 683 1450 bellum3
709 1394 791 1445 cunr

86 1462 179 1538 bello
192 1486 307 1538 autern
323 1468 455 1560 generis
470 1466 613 1538 humani
627 1467 791 1558 pernicies

86 1561 271 1652 conjuncta
294 1561 349 1634 est.
377 1557 528 1651 Quodsi
551 1564 628 1655 quis
649 1582 793 1636 caeteros*

84 1659 242 1749 potentie
260 1660 297 1730 in
318 1676 454 1730 tantum
476 1655 646 1751 anteiffetr
676 1674 716 1728 ut
733 1683 788 1728 re.

44 1812 49 1821 .
83 1747 192 1824 sistere
205 1756 235 1825 ei
248 1778 291 1826 ne
303 1778 423 1827 omnes
437 1753 577 1849 quidem
591 1752 796 1847 conjunctis,

82 1847 217 1919 viribus
226 1847 429 1941 potuiffent,
443 1852 530 1922 ratio
540 1874 644 1943 quare
658 1850 796 1942 dejure·

82 1938 146 2016 fibi
157 1944 175 2015 ὲ
186 1963 306 2017 natura
316 1943 465 2018 concesso
477 1945 673 2030 decederet,
688 1946 785 2018 nulia

83 2037 369 2131 omninosuiffet.
396 2040 570 2116 Mansisset
592 2045 697 2134 igitur
719 2037 784 2134 ipsa

79 2130 136 2227 jus
154 2135 299 2208 dominii
312 2138 348 2211 in
363 2153 501 2210 caeteros
513 2160 632 2209 ornnes
643 2157 782 2229 propter

78 2234 244 2322 potentiae
260 2228 444 2314 excessum,
471 2235 551 2325 quio
567 2236 597 2304 &
616 2227 648 2303 se
662 2236 693 2303 ἃ
706 2234 781 2304 illos

79 2324 802 2420 conservarepotuiffet.lisigiturquorums

77 2425 240 2517 potentiae
264 2420 368 2494 refisti
391 2445 464 2492 non
487 2420 621 2514 potest,
659 2424 691 2493 δε
719 2442 780 2511 per

77 2518 287 2612 consequens
303 2521 380 2603 Deo
394 2522 626 2612 unanimitati,
647 2514 702 2606 jus
716 2515 780 2588 do·
865 2540 874 2560 2*

76 2614 234 2686 minandi
261 2614 304 2685 ab
330 2611 398 2706 ipsa
414 2620 563 2711 potentin
589 2611 777 2688 derivatur.

75 2711 120 2784 Et
144 2708 413 2803 quotiescunque
438 2713 534 2783 Deus
561 2729 778 2802 peccatorem

74 2811 197 2899 punit,
222 2807 276 2878 vel
294 2809 394 2879 etiam
412 2805 597 2889 interficit,
625 2803 777 2878 etfiideo
825 2854 829 2861 -

73 2904 197 2996 puniat
217 2903 296 2993 quia
319 2920 534 2995 peccaverat,
563 2925 634 2972 non
657 2901 788 2974 tamur

73 2997 257 3072 dicendum
270 2996 337 3075 est,
357 3022 427 3069 uon
441 2994 582 3090 potuiffe
597 3019 675 3066 eum
690 3018 775 3065 eun-

73 3093 155 3167 dern
177 3091 263 3187 juste
284 3090 456 3188 affligere,
482 3091 536 3165 vei
563 3093 664 3164 etiarn
685 3090 776 3164 occi-

64 3188 174 3297 dere,
208 3186 267 3271 etii
294 3214 368 3267 noa
387 3185 574 3363 peccas}¹
594 3182 779 3381 15iequest
