1996 3666
222 197 302 279 1280
406 187 747 271 terreto:

227 314 368 388 virtutis
396 309 525 406 semper
551 309 828 405 subintelligitur.
855 310 915 387 iiiii

227 436 306 504 quae
326 407 493 481 honorem
512 407 604 501 apud
626 405 791 500 quosdam
805 404 916 500 signifi·

227 524 325 588 eant,
348 505 439 598 apud
456 506 538 575 alios
557 525 640 575 vero
661 507 916 586 contumeliam,

225 602 283 672 vel
296 617 457 673 neutrum
469 627 479 680 3
494 600 603 692 qualia
617 595 744 669 suntin
758 598 918 672 attributis

225 700 371 767 nomina
397 719 474 788 quae
504 695 547 766 ad
570 697 719 765 virtutes
740 695 797 766 vel
825 699 924 777 uitia,¹

224 789 365 863 honesta
388 792 445 861 vel
465 787 664 870 inhonesta,
698 813 763 882 pro
792 786 917 863 divers·

222 902 295 958 tete
313 887 527 980 *opinionum
550 881 684 957 diuers&
709 883 915 968 reseruntur,
952 934 955 941 ·

222 998 264 1053 ut
292 980 384 1073 quod
410 980 574 1053 occiderit
600 980 806 1062 inimicum,
836 980 916 1074 quud

222 1074 372 1170 sugerit,
394 1076 488 1169 quod
508 1073 547 1148 sit
559 1072 788 1168 philosophus
799 1075 914 1168 ,=.quod

223 1191 356 1253 orator,
382 1168 567 1255 &fimiiia‚
588 1195 666 1267 quae
684 1173 775 1265 apud
793 1173 914 1244 aiiosin

221 1265 383 1349 honore,
416 1268 490 1340 aliis
513 1271 705 1339 contemtui
731 1266 913 1340 habentur:

221 1365 260 1447 in
279 1362 402 1456 snt'le'ru
429 1388 468 1436 ea
490 1388 565 1455 quae
590 1361 788 1453 dependent
806 1364 824 1433 t
844 1386 913 1436 con-

221 1454 402 1530 suetudine
416 1459 500 1541 loci,
521 1460 574 1530 vel
593 1456 796 1550 praescriptis
809 1459 912 1551 legun

219 1554 373 1626 civilium
385 1581 396 1634 t
427 1572 466 1626 ut
478 1558 569 1625 inter
590 1551 807 1625 salutandum
821 1568 934 1647 caput„

219 1649 379 1732 nudare,
414 1649 541 1723 calceos
570 1647 766 1742 deponere,
800 1672 912 1742 corpus

133 1812 137 1817 .
218 1746 404 1826 inclinare,
432 1744 598 1827 stantem,
621 1743 845 1838 prostratum,
862 1742 912 1817 ves

220 1839 374 1934 genibus‘
386 1842 546 1912 innixum
565 1841 696 1932 aliquid
715 1859 847 1932 petere,
864 1863 911 1912 ce·

218 1938 452 2011 remoninrum
464 1933 618 2007 sormulae
631 1987 641 2016 ,
653 1939 684 2008 ἃ
696 1934 825 2008 fimitia.
845 1934 911 2011 Cul-

210 2048 273 2126 *tus
285 2049 398 2103 autem
410 2034 465 2103 ille
479 2035 538 2125 qui
552 2031 643 2125 apud
654 2047 772 2103 omnes
787 2036 818 2105 sie
832 2029 911 2103 sem·

216 2150 277 2220 per
294 2123 507 2199 honorificus
530 2126 597 2209 est,
624 2129 808 2211 naturalis,
835 2129 911 2201 astet

216 2237 300 2294 vero
322 2226 380 2314 qui
396 2223 469 2294 loca
490 2225 521 2294 &
540 2247 652 2294 mores
670 2220 842 2316 sequitur,
860 2248 910 2295 nr·

216 2316 379 2389 bitrnriur
397 2318 462 2389 dici
486 2316 603 2410 potest.
881 2329 882 2335 ’

77 2481 82 2497 .
106 2437 194 2491 Arium
262 2413 362 2487 XII.
384 2415 494 2486 Porri>
515 2413 620 2486 cultus
642 2409 704 2485 esse
727 2413 836 2508 potest
856 2422 910 2486 im·

66 2502 164 2590 ἕψω
183 2546 192 2574 2
211 2528 369 2604 perettus,
394 2508 521 2583 scilicet
540 2507 627 2601 jussu
656 2509 729 2600 ejus
752 2514 812 2602 qui
833 2513 909 2583 coli-

65 2579 172 2710 sm«-
216 2607 344 2685 tu13&
371 2605 478 2698 potest
501 2603 560 2676 effe
570 2605 788 2699 spontaneus,
810 2608 909 2678 nimi-

72 2728 155 2771 ueum.
213 2702 386 2773 rumtalis
406 2703 513 2794 quasis
532 2702 705 2772 videbitur
719 2704 868 2785 colenti,
887 2697 911 2774 fi

210 2803 410 2891 imperatus,
429 2801 580 2869 ustiones
592 2820 668 2889 quae
681 2794 909 2880 adhibentur,

210 2917 283 2965 non
301 2888 494 2983 fignificant
511 2891 679 2964 horrorem
693 2912 731 2963 ut
742 2894 841 2974 reses,
858 2891 909 2964 sed

210 3007 249 3061 ut
268 2994 464 3081 imperate:
497 2983 691 3080 significant
719 2994 814 3060 enim
842 2988 909 3062 ube-

209 3083 366 3155 dientiuur
393 3083 610 3165 immediate,
633 3082 828 3156 obedientia
849 3103 908 3177 pu·

208 3185 371 3267 tentiumr
391 3183 438 3259 ita
458 3197 497 3258 ut
513 3180 617 3259 cultus
634 3187 815 3281 imperatus
828 3202 910 3277 rung
