1996 3666
97 310 135 327 .,
249 176 619 312 (ΞΗΜῙΧ.Ι
707 232 770 308 161

72 344 166 451 nile,
193 380 271 451 quo
289 358 369 451 quis
397 355 552 450 pluribus
574 358 636 429 viis
657 380 776 429 move-

74 473 111 527 re
129 448 162 525 se
190 450 321 547 potest,
348 476 390 524 eo
413 451 577 546 majorem
607 450 709 524 habet
736 451 778 522 li-

74 544 247 621 bmatmn·
274 548 388 640 Atque
416 548 455 619 in
476 545 542 621 hoc
566 544 715 620 eonfistit
737 545 779 616 Ii.

75 640 185 719 bertas
214 642 348 725 civilis,
370 665 474 714 nemo
498 645 590 715 enim
618 638 686 715 five
699 639 779 733 sub-

77 734 366 833 ditus‚s1vefilim
384 735 546 820 familiam
565 734 634 809 five
640 736 777 828 servus,

76 838 127 908 ita
143 835 295 905 civitatis
308 832 362 905 vel
375 838 485 926 patris
501 835 557 905 vel
568 831 691 905 domini
707 827 780 913 sui,
801 895 804 898 .

77 946 259 1021 utcunque
287 923 426 1010 severi,
458 931 568 1022 poenis
602 925 779 1020 propositis

78 1023 267 1117 impeditur
279 1071 291 1105 ,
304 1024 389 1115 quin
409 1026 527 1096 omnia
540 1019 669 1106 facere,
689 1022 780 1095 &ad

76 1120 199 1191 omnia
221 1114 254 1191 se
273 1135 472 1191 convertere
501 1116 601 1211 poffit
632 1142 708 1209 qoae
737 1116 783 1189 aci

78 1216 192 1292 vitam
212 1208 436 1300 &sanitatem
453 1213 616 1286 tuendam
629 1211 706 1286 sunt
723 1237 782 1282 ne-

79 1304 225 1395 ceffaria.
270 1308 354 1383 Non
393 1310 499 1403 igitur
527 1311 660 1399 reperio
699 1306 782 1401 quid

76 1401 141 1485 fit,
155 1400 200 1475 de
220 1424 291 1494 quo
310 1402 365 1477 vel
371 1403 489 1497 servm
501 1401 678 1497 quisquam
700 1427 782 1474 con-

86 1498 179 1572 'ueri
207 1494 307 1591 possit
344 1521 387 1569 eo
419 1507 573 1573 nomine,
610 1497 704 1592 quod
744 1498 783 1569 11·-

79 1525 211 1669 {create
229 1612 362 1676 careat,
390 1590 454 1668 nifi
477 1590 608 1667 miseria
636 1589 707 1676 fit,
736 1596 784 1666 ita

78 1688 242 1764 cohiberi
264 1713 309 1761 ne
333 1684 401 1782 ip'se
421 1687 483 1763 fibi
504 1705 645 1771 noceat,
677 1693 709 1763 ἃ
731 1691 784 1763 vi-

79 1801 176 1869 tam,
215 1792 319 1879 quani
345 1785 458 1867 bello,
491 1786 547 1857 vel
569 1782 781 1869 infortunio,

78 1882 139 1957 vel
169 1882 310 1953 demum
344 1881 466 1954 inertie
503 1877 561 1953 sui
594 1877 782 1964 amiserat,

79 1975 784 2058 unicumomnibusalimentis,&onmi·

79 2071 147 2146 bus
171 2071 274 2145 rebus
295 2072 336 2145 ad
356 2074 462 2144 vitam
480 2068 705 2143 &sanitatem
724 2097 784 2145 ne·
854 2112 857 2117 ·

81 2164 249 2249 cessario,
273 2191 311 2265 ea
330 2168 405 2261 lege
417 2168 566 2258 recipere
585 2188 624 2238 ut
636 2188 782 2261 regatun

54 2296 57 2301 ·
83 2265 158 2351 Qii
177 2263 271 2335 enim
295 2264 343 2337 ita
361 2259 543 2339 cohibetur
569 2266 680 2354 poenis
705 2286 783 2355 pro-

80 2353 221 2453 posois',
256 2382 301 2429 ne
325 2360 442 2430 omnia
465 2382 541 2451 quae
558 2360 633 2428 vult
661 2355 781 2438 i'aciat,

81 2476 159 2527 non
170 2455 378 2545 opprimitur
382 2454 566 2546 servitute,
585 2448 783 2544 fedregitur

86 2542 348 2623 &sustentatur.
375 2551 455 2623 Hoc
475 2565 589 2620 autem
609 2548 783 2640 (inomni

84 2644 222 2717 civitate
233 2641 416 2727 &familia
430 2642 490 2717 ubi
500 2640 585 2717 servi
595 2638 779 2735 exsistunt)

83 2745 169 2812 cives
185 2736 299 2821 liberi,
330 2742 362 2811 δι
373 2740 440 2835 filii
462 2737 608 2812 familias
629 2739 785 2833 praefer.

83 2840 136 2907 vis
154 2837 321 2907 eximium
343 2834 492 2919 habent,
517 2854 556 2907 ut
582 2838 614 2907 &
637 2832 785 2905 ministe-

82 2932 135 3003 r'ia
154 2932 328 3013 civitatis,
347 2932 416 3004 v'el.
428 2928 562 3003 familiae
580 2929 704 3002 obeant
720 2927 784 3001 ho·

83 3027 286 3105 notationi,
317 3027 350 3097 &
371 3026 447 3118 ,plus
464 3023 651 3119 poffideant
669 3045 784 3094 rerum

83 3116 343 3213 superfluarum.
370 3126 480 3213 Atque
500 3126 536 3192 in
560 3118 628 3190 hoc
650 3115 712 3189 fita
737 3116 791 3190 est·

86 3210 278 3293 differentia
302 3217 404 3329 intei
420 3224 523 3293 civem
550 3213 715 3299 liberum,
750 3215 782 3288 &
