1996 3666
269 192 316 271 86
421 193 808 270 Limnaia
893 186 899 199 '

267 313 465 388 viventibus
477 313 698 406 consenfionem
711 314 953 390 animorumita

269 408 330 482 effe
348 410 558 492 durabilem,
577 410 729 481 utnulla
745 412 816 482 alia
832 404 867 484 τὸ
886 434 953 504 opus

266 503 308 577 fit
327 505 369 576 ad
387 530 484 588 eam,
506 504 538 577 &
561 506 631 595 (ex
652 498 903 597 consequenti)
919 504 954 597 ‘ad

266 624 385 694 pacem
411 605 499 672 inter
516 599 548 671 se
570 596 866 683 conservandam,
886 624 954 695 pta·

265 713 420 788 terquam
438 697 584 768 naturali
602 718 724 766 eorum
742 697 955 788 appetituln

264 789 467 864 hominibus
485 811 598 862 autem
616 792 712 862 aliter
732 791 837 864 resse
854 791 954 865 habet.

264 887 358 959 Nam
378 887 491 984 piimb
512 888 599 957 inter
619 884 783 959 homines
796 906 954 962 certamen

265 980 312 1052 est
334 981 475 1053 honoris
498 984 529 1053 &
554 982 754 1073 dignitatisz
791 986 885 1056 intet
906 983 953 1055 ba·

263 1074 340 1149 stias
357 1101 428 1148 non
442 1075 619 1148 estz'unde
632 1075 742 1148 odium
765 1078 951 1161 &invidia
989 1096 991 1107 '

263 1173 442 1264 exquibus
460 1169 606 1244 nascitur
617 1169 738 1242 seditio
759 1176 793 1246 ἃ
810 1173 951 1254 bellum,

262 1269 352 1339 inter
372 1266 527 1340 homines
540 1266 604 1348 est,
624 1269 712 1338 inter
729 1268 808 1340 ilias
822 1293 894 1341 non
907 1267 950 1340 eii

161 1421 167 1436 .
262 1362 448 1445 Secuiidb,
475 1366 643 1455 appetitus
665 1365 835 1437 naturalis
860 1387 951 1458 apum
973 1362 983 1387 '

263 1460 295 1528 &
320 1455 479 1530 similium
508 1477 736 1530 creaturarum
766 1458 976 1531 conformes.

259 1550 359 1635 sunt,
380 1557 412 1625 &
430 1551 587 1624 feruntur
599 1553 640 1624 ad
652 1551 789 1625 bunum
803 1556 950 1628 commu·

259 1671 324 1731 ne,
339 1649 430 1740 quod
445 1652 535 1721 inter
554 1649 624 1720 illas
636 1671 707 1719 noa
720 1643 845 1722 differt
862 1651 880 1722 ὲ
896 1651 951 1744 pri-

258 1760 357 1816 vatoe
385 1741 520 1815 homini
538 1761 650 1816 autem
673 1740 762 1814 nihil
791 1745 950 1838 peni-pm

257 1838 353 1911 bono
377 1836 546 1920 habetur,
571 1841 607 1910 in
628 1863 699 1932 quo
720 1862 796 1910 non
821 1838 864 1915 fit
886 1836 949 1934 poi·

256 1929 367 2007 seffori
389 1934 516 2025 aliquid
535 1935 878 2027 praecipui&ezimii
889 1958 946 2030 pra

257 2054 299 2100 eo
309 2030 402 2121 quod
412 2028 579 2121 poifident
593 2031 713 2101 caeteri.
727 2031 876 2114 Tertio,
887 2033 945 2104 ani·

255 2127 386 2196 mantia
409 2149 486 2215 quae
511 2128 679 2195 rationem
700 2147 776 2196 non
798 2125 943 2206 habeut,

254 2220 387 2291 nulium
410 2218 577 2291 defectum
594 2218 732 2300 vident,
757 2223 815 2292 vel
837 2223 941 2296 videm

155 2383 163 2401 χ
253 2311 439 2407 ὣριιωηῑ,
456 2317 491 2385 in
508 2312 798 2388 administratione
816 2313 941 2390 suarum

253 2409 580 2502 rerumpublicarum
595 2437 605 2479 :
619 2407 672 2480 sed
683 2411 718 2480 in
728 2412 941 2486 multitudine
970 2412 973 2420 “

253 2503 436 2576 hominum
460 2507 597 2596 plurimi
618 2501 696 2576 sum
715 2513 777 2598 qui
796 2531 868 2600 prae
890 2529 941 2580 cae·

253 2603 329 2671 teris
338 2597 450 2692 sapere
464 2598 702 2680 existimantes,
718 2621 940 2677 conanturm

229 2718 400 2775 ‘novare3
427 2697 458 2767 ἃ
482 2691 599 2765 diversi
622 2708 833 2780 novatores',
852 2703 941 2771 inno·

251 2808 338 2863 vam
370 2786 507 2862 diverfis
535 2789 676 2860 modist
711 2790 747 2860 id
777 2795 873 2883 quod
903 2788 943 2864 est

251 2885 443 2967 distraciim
463 2883 635 2956 &bellum
654 2885 762 2957 civile.
786 2888 940 2976 Quarti),

252 2982 437 3053 animantia
460 2979 583 3060 bruta,
612 2999 800 3073 utcumque
827 2980 941 3076 poffint

250 3080 347 3150 vocis
365 3073 430 3147 iuae
447 3072 546 3146 usum
570 3076 716 3167 aliquem
729 3074 883 3162 habete,
904 3075 941 3150 aii

133 3291 136 3296 ³
251 3167 514 3272 significandum
530 3172 621 3249 iatea
639 3166 673 3246 se
691 3164 940 3263 amansium
