1996 3666
62 219 65 229 ’
175 244 207 314 -6
338 243 739 315 marauna

139 440 143 449 ,
180 361 319 434 videtur
357 364 541 453 unicuique
579 361 879 454 congredientium

172 461 316 531 ¹Bonum
330 454 401 530 fibi.
425 458 601 551 Quicquid
616 478 732 529 autern
745 457 880 529 videtur

174 555 341 636 Bonum,
361 552 550 644 jucundum
572 551 638 636 est,
667 557 880 647 pertinetque

182 649 225 722 ad
252 673 399 742 organa,
424 650 477 721 vel
506 648 547 720 ad
571 653 738 721 animum.
762 650 878 722 Animi

34 834 38 847 .
121 751 123 757 ’
151 773 155 782 ·
171 762 297 820 ‚autem
309 747 465 838 voluptas
478 749 589 817 omnis
599 747 800 915 aV011810ffl
813 743 877 826 est,

183 838 278 933 (five
290 841 377 913 bene
397 843 532 932 opinari
546 840 587 913 de
604 838 637 914 se
648 845 682 934 ip
699 838 749 927 ο)
765 841 820 914 vel
837 840 878 912 ad

207 939 325 1008 loriam
345 937 472 1008 ultimo
488 934 654 1016 refertur;
673 954 793 1010 caetera
807 931 879 1007 senss

129 1092 132 1097 .
180 963 286 1105 lualia
304 1030 403 1116 sunt,
437 1032 491 1106 vel
512 1033 554 1104 ad
578 1030 725 1106 sensuale
750 1031 879 1103 condu-

183 1129 325 1210 centia,
363 1154 439 1220 quae
468 1132 586 1202 omnia
602 1126 888 1205 ,commodorum

181 1227 323 1296 nomine
337 1221 580 1315 comprehendi
595 1221 738 1315 potsunt.
754 1225 880 1299 Omnis

181 1321 287 1414 igitur
312 1317 452 1391 societas
476 1321 529 1390 vel
555 1321 728 1392 commodi
757 1317 876 1402 causa,

100 1507 102 1510 ι
181 1417 238 1490 vel
261 1414 399 1508 gloriae,
419 1412 486 1487 hoc
501 1413 569 1495 est,
593 1411 663 1498 sui,
688 1415 880 1488 nonsocio-

177 1534 260 1583 rum
282 1534 399 1583 amore
421 1508 642 1582 contrahitur.
670 1511 801 1583 Gloriae
822 1535 880 1585 au·

179 1625 254 1685 ,tem
276 1605 386 1678 studio
410 1607 504 1677 nulla
522 1607 601 1677 iniri
621 1630 732 1697 neque
754 1607 880 1678 multo.

143 1725 261 1795 ¹„turn
278 1699 481 1785 hominum,
502 1726 614 1794 neque
629 1702 727 1772 multi
748 1721 880 1794 tempo-

179 1798 250 1878 ris,
273 1795 409 1868 societas
431 1795 564 1889 potest3
589 1816 763 1888 propterea
787 1797 880 1889 quod

184 1893 361 1986 gloriatio,
382 1888 654 1973 ficut&honor,
675 1890 699 1964 fi
717 1893 880 1966 omnibus

110 2074 116 2084 Ι
156 2033 159 2039 ·
184 1984 286 2070 adfit,
308 1988 394 2061 nulli
410 1984 519 2065 adest3
540 1990 666 2079 quippe
690 2013 766 2083 quae
787 2013 881 2061 conr-

41 2175 43 2179 *
179 2085 359 2178 ,paratione
389 2085 420 2155 &
447 2084 669 2174 praecellentia
701 2083 880 2156 constant:

7 2230 25 2270 ,Γ
97 2253 100 2258 ,
183 2202 297 2270 neque
310 2197 349 2251 ut
366 2181 441 2269 quis
454 2175 587 2250 causam
608 2180 774 2272 gloriandi
793 2178 881 2258 insse

35 2339 52 2357 ,
180 2271 332 2357 lrabeat,
364 2273 601 2368 adjumentum
622 2277 729 2347 ullum
750 2277 896 2350 accedit

19 2383 22 2391 '
74 2368 97 2449 ’,
184 2395 229 2461 err
262 2369 409 2442 aliorum
444 2364 613 2443 societate.
649 2373 756 2445 Tanti
787 2376 896 2444 eninr¹

103 2513 106 2520 ‚
185 2462 327 2560 quisque
354 2464 422 2549 est,
450 2485 617 2558 quantum
641 2464 711 2540 fine
733 2469 882 2541 aliorum

185 2585 251 2654 ope
279 2559 347 2653 ipse
368 2562 486 2656 potest.
516 2567 738 2656 Quamquam
764 2583 882 2636 autern

99 2726 103 2733 .
185 2657 366 2730 commoda
389 2655 494 2751 hujus
520 2662 599 2732 vitae
622 2662 739 2752 augeri
762 2667 883 2734 mutui

186 2777 252 2844 ope
266 2750 416 2846 pellunt,
432 2779 509 2828 cum
521 2774 632 2827 tamen
643 2752 761 2827 ldfieti
771 2758 881 2830 multo

60 2908 64 2916 .
184 2853 296 2943 magis
321 2849 474 2922 dominio
495 2846 593 2942 pellit
606 2853 709 2943 quim
723 2849 882 2926 societate

56 2989 79 3007 .=
110 2971 112 2974 ⁴
186 2947 349 3036 aliorum,
378 2950 509 3017 nemini
529 2945 672 3018 dubium
692 2946 755 3040 elle
782 2947 884 3024 debet

57 3050 60 3054 '
129 3090 132 3096 -
142 3115 149 3132 ἱ,
164 3086 166 3091 -
181 3044 272 3132 ,quin
285 3041 419 3114 avidius
431 3043 598 3115 ferrentur
611 3041 771 3114 homines
783 3061 897 3117 natu-,-

170 3133 301 3219 jralua,
326 3134 481 3212 fimetus
497 3135 638 3220 abersee,
660 3139 883 3212 adnomina-

183 3231 320 3336 pionem
330 3234 434 3328 quem
445 3233 487 3312 ad
499 3232 703 3311 societatem.
724 3238 883 3314 statuen-
