1996 3666
202 184 441 277 cinon
490 181 609 261 VIIL
686 202 751 285 ¹5¹

60 306 173 421 gitur,
189 304 346 379 nifiscire
356 302 518 399 poffitcui
529 303 757 397 praestandum

58 415 101 481 iit
122 403 218 497 quod
238 402 388 474 debetur.
420 402 615 483 Postremo,
634 397 757 489 servus

59 504 121 593 qui
142 502 179 569 in
199 500 336 573 vincula
359 498 563 591 conjicitur,
594 500 648 569 vel
669 520 760 588 quoa

57 618 130 689 quo
140 593 244 665 modo
254 594 405 665 libertate
415 594 582 687 corporali
591 594 755 686 privatur,

57 692 164 763 alterii
179 691 236 761 iilo
254 690 462 782 obligatione
485 691 618 781 pastitii
637 685 757 758 iibera-

58 788 127 859 t'ur.
153 786 238 859 Non
259 788 352 855 enim
372 780 491 857 exfiiiit
507 787 668 878 pastum,
692 779 756 854 nisi

57 882 123 953 ubi
142 876 319 971 paciscenti
337 880 484 952 creditur
505 908 516 960 ;
545 904 609 950 nec
630 879 755 950 violari

55 974 169 1069 potest
182 974 286 1057 fides,
303 1000 380 1068 quae
390 999 461 1046 non
475 973 520 1046 est
534 972 660 1046 habita.
684 980 756 1046 Do·

57 1079 167 1143 minus
174 1095 286 1143 autem
300 1072 359 1163 qui
368 1068 435 1163 ipse
443 1071 500 1142 aiii
510 1067 628 1153 servit,
639 1067 756 1160 servos

57 1165 139 1239 suos
163 1172 234 1237 no'n
262 1164 369 1259 potest
390 1168 437 1238 ito
464 1165 632 1247 liberare,
668 1166 755 1255 quin

57 1260 191 1353 semper
207 1258 271 1331 iint
284 1265 319 1332 in
334 1260 494 1353 potestate
511 1261 633 1333 domini
641 1259 756 1352 supre-

57 1364 115 1432 mi.
142 1359 233 1437 Nam
246 1374 286 1429 ut
298 1353 573 1449 supraostensum
587 1354 656 1437 est,
674 1355 755 1429 sunt

58 1452 262 1545 ianssonii,
285 1476 359 1525 non
382 1449 452 1537 sui,
485 1448 543 1527 sed
561 1452 683 1525 domini
696 1450 754 1542 su·
854 1448 859 1465 ¹

55 1555 174 1645 premi.
678 1594 685 1611 i

106 1648 154 1719 X.
177 1642 308 1717 Eodem
330 1643 434 1716 modo
450 1645 638 1737 acquiritur
651 1642 752 1737 jusin
787 1652 913 1742 ‘vogno'

58 1742 218 1831 animalia
246 1742 580 1824 ratione-carentia,
618 1766 687 1835 quo
715 1743 751 1814 in
765 1732 913 1814 mommio

55 1837 204 1935 personas
217 1833 397 1908 hominum
410 1866 419 1915 ;
431 1839 608 1910 ‘nimirum
623 1800 911 1927 viribusfffssassjs'

59 1935 282 2029 &potentiis
315 1934 534 2005 naturalibun
577 1934 751 2024 Siquidem
764 1943 825 2000 ralis
836 1942 879 2013 ‘st-
903 1946 928 2009 ί

57 2032 197 2103 enimin
207 2026 292 2099 statu
302 2030 463 2110 naturali,
477 2046 613 2121 propter
623 2031 752 2104 bellum

56 2128 219 2199 omnium
242 2124 280 2195 in
298 2147 438 2210 omnes,
463 2124 668 2218 subjugare,
696 2128 753 2199 vei

56 2224 161 2293 etiarn
175 2217 326 2291 occidere
336 2216 517 2303 homines,
544 2222 753 2314 coiqoeiici-

56 2336 132 2393 tum
155 2312 217 2395 fit,
243 2317 377 2406 quoties
388 2316 423 2387 id
435 2314 495 2387 suo
509 2318 603 2386 bono
624 2317 754 2389 condu-

55 2436 131 2484 cere
148 2410 342 2491 videbitur3
363 2413 472 2481 multo
491 2416 594 2504 magis
607 2412 694 2480 idem
714 2412 754 2482 ii-

56 2510 164 2580 citum
178 2509 241 2578 erit
261 2505 418 2577 adversos
433 2507 582 2588 belluno,
604 2505 670 2578 hoc
684 2508 751 2589 ost,

56 2604 220 2675 arbitratu
231 2599 291 2674 suo
303 2627 356 2674 eas
369 2606 405 2673 in
418 2600 609 2675 servitutem
620 2600 754 2697 subige·

56 2722 114 2781 re„
151 2722 229 2864 puae
255 2722 315 2789 per
338 2701 373 2769 in
401 2702 516 2772 enium
547 2702 690 2771 cicorari
719 2702 754 2771 &

56 2790 132 2867 usui
164 2793 215 2864 ibi
235 2790 296 2865 effe
320 2723 475 2885 poiigunt,
505 2814 639 2867 caeteros
661 2794 752 2865 bello

56 2908 241 2984 perpetuo,
270 2906 309 2959 ut
327 2894 445 2962 noxias
463 2887 616 2982 persequi
633 2891 666 2960 &
683 2884 754 2958 des-

56 3004 177 3056 truere.
220 2990 409 3057 Dominium
434 2989 539 3079 igitur
565 2989 602 3057 in
631 2982 754 3053 bestias

56 3084 226 3175 originem
248 3077 352 3152 habet
372 3082 389 3151 ὲ
406 3084 485 3170 jure
501 3098 653 3161 natum,
679 3100 753 3152 non

56 3172 76 3245 i
94 3180 177 3269 jure
196 3174 312 3249 divino
328 3175 475 3274 pofitivo.
515 3177 607 3345 {am
629 3170 655 3247 si
678 3196 752 3249 non

580 3296 605 3367 4
