<?xml version="1.0" encoding="UTF-8"?>
<!DOCTYPE html PUBLIC "-//W3C//DTD XHTML 1.0 Transitional//EN"
    "http://www.w3.org/TR/xhtml1/DTD/xhtml1-transitional.dtd">
<html xmlns="http://www.w3.org/1999/xhtml" xml:lang="en" lang="en">
 <head>
  <title>
</title>
<meta http-equiv="Content-Type" content="text/html;charset=utf-8" />
  <meta name='ocr-system' content='tesseract 3.04.00' />
  <meta name='ocr-capabilities' content='ocr_page ocr_carea ocr_par ocr_line ocrx_word'/>
</head>
<body>
  <div class='ocr_page' id='page_1' title='image "./elementaphiloso00hobbgoog_0161.png"; bbox 0 0 1996 3666; ppageno 0'>
   <div class='ocr_carea' id='block_1_1' title="bbox 203 226 752 305">
    <p class='ocr_par' dir='ltr' id='par_1_1' title="bbox 203 226 752 305">
     <span class='ocr_line' id='line_1_1' title="bbox 203 226 752 305; baseline 0 -2"><span class='ocrx_word' id='word_1_1' title='bbox 203 230 269 305; x_wconf 56' lang='lat' dir='ltr'>rm</span> <span class='ocrx_word' id='word_1_2' title='bbox 354 226 752 303; x_wconf 81' lang='lat' dir='ltr'>Iurrnruu</span> 
     </span>
    </p>
   </div>
   <div class='ocr_carea' id='block_1_2' title="bbox 74 342 913 3010">
    <p class='ocr_par' dir='ltr' id='par_1_2' title="bbox 197 342 913 1872">
     <span class='ocr_line' id='line_1_2' title="bbox 200 342 878 439; baseline -0.01 -17"><span class='ocrx_word' id='word_1_3' title='bbox 200 352 363 423; x_wconf 82' lang='lat' dir='ltr'><strong>ditionem</strong></span> <span class='ocrx_word' id='word_1_4' title='bbox 378 344 571 439; x_wconf 79' lang='lat' dir='ltr'>fugientes,</span> <span class='ocrx_word' id='word_1_5' title='bbox 593 344 696 438; x_wconf 80' lang='lat' dir='ltr'>poss&#39;e</span> <span class='ocrx_word' id='word_1_6' title='bbox 708 342 773 420; x_wconf 86' lang='lat' dir='ltr'>effe</span> <span class='ocrx_word' id='word_1_7' title='bbox 788 344 878 419; x_wconf 83' lang='lat' dir='ltr'>statur</span> 
     </span>
     <span class='ocr_line' id='line_1_3' title="bbox 199 442 879 539; baseline -0.003 -23"><span class='ocrx_word' id='word_1_8' title='bbox 199 445 370 539; x_wconf 88' lang='lat' dir='ltr'>quendam</span> <span class='ocrx_word' id='word_1_9' title='bbox 391 445 540 515; x_wconf 85' lang='lat' dir='ltr'>civitatis</span> <span class='ocrx_word' id='word_1_10' title='bbox 560 442 802 527; x_wconf 84' lang='lat' dir='ltr'>arbitrantur,</span> <span class='ocrx_word' id='word_1_11' title='bbox 826 446 879 514; x_wconf 74' lang='lat' dir='ltr'>mia</span> 
     </span>
     <span class='ocr_line' id='line_1_4' title="bbox 197 536 881 631; baseline -0.009 -20"><span class='ocrx_word' id='word_1_12' title='bbox 197 560 269 613; x_wconf 84' lang='lat' dir='ltr'>tum</span> <span class='ocrx_word' id='word_1_13' title='bbox 292 566 334 611; x_wconf 82' lang='lat' dir='ltr'>ex</span> <span class='ocrx_word' id='word_1_14' title='bbox 357 540 456 610; x_wconf 68' lang='lat' dir='ltr'>dietis</span> <span class='ocrx_word' id='word_1_15' title='bbox 483 538 598 610; x_wconf 85' lang='lat' dir='ltr'>tribus</span> <span class='ocrx_word' id='word_1_16' title='bbox 628 537 825 631; x_wconf 80' lang='lat' dir='ltr'>speciebus,</span> <span class='ocrx_word' id='word_1_17' title='bbox 851 536 881 605; x_wconf 85' lang='lat' dir='ltr'>di·</span> 
     </span>
     <span class='ocr_line' id='line_1_5' title="bbox 197 631 882 800; baseline -0.007 -92"><span class='ocrx_word' id='word_1_18' title='bbox 197 634 332 708; x_wconf 87' lang='lat' dir='ltr'>versum</span> <span class='ocrx_word' id='word_1_19' title='bbox 349 632 494 707; x_wconf 76' lang='lat' dir='ltr'>tarneni</span> <span class='ocrx_word' id='word_1_20' title='bbox 513 631 686 800; x_wconf 67' lang='lat' dir='ltr'>(inpulis,</span> <span class='ocrx_word' id='word_1_21' title='bbox 706 659 811 727; x_wconf 85' lang='lat' dir='ltr'>quarn</span> <span class='ocrx_word' id='word_1_22' title='bbox 825 638 882 704; x_wconf 78' lang='lat' dir='ltr'>rair-</span> 
     </span>
     <span class='ocr_line' id='line_1_6' title="bbox 198 730 883 813; baseline -0.007 -10"><span class='ocrx_word' id='word_1_23' title='bbox 198 750 268 803; x_wconf 85' lang='lat' dir='ltr'>tam</span> <span class='ocrx_word' id='word_1_24' title='bbox 283 750 408 802; x_wconf 86' lang='lat' dir='ltr'>vocant</span> <span class='ocrx_word' id='word_1_25' title='bbox 427 737 662 803; x_wconf 75' lang='lat' dir='ltr'>monarcriam</span> <span class='ocrx_word' id='word_1_26' title='bbox 674 782 686 813; x_wconf 92' lang='lat'>,</span> <span class='ocrx_word' id='word_1_27' title='bbox 700 730 760 803; x_wconf 87' lang='lat' dir='ltr'>vel</span> <span class='ocrx_word' id='word_1_28' title='bbox 777 734 883 801; x_wconf 80' lang='lat' dir='ltr'>raixrrrr</span> 
     </span>
     <span class='ocr_line' id='line_1_7' title="bbox 201 824 883 919; baseline -0.006 -21"><span class='ocrx_word' id='word_1_29' title='bbox 201 830 460 919; x_wconf 80' lang='lat' dir='ltr'>aristocratinm,</span> <span class='ocrx_word' id='word_1_30' title='bbox 498 827 556 897; x_wconf 88' lang='lat' dir='ltr'>vel</span> <span class='ocrx_word' id='word_1_31' title='bbox 575 834 730 899; x_wconf 86' lang='lat' dir='ltr'>mixtam</span> <span class='ocrx_word' id='word_1_32' title='bbox 750 824 883 897; x_wconf 80' lang='lat' dir='ltr'>demona-</span> 
     </span>
     <span class='ocr_line' id='line_1_8' title="bbox 197 918 883 1014; baseline -0.003 -19"><span class='ocrx_word' id='word_1_33' title='bbox 197 929 299 1003; x_wconf 85' lang='lat' dir='ltr'>tiam,</span> <span class='ocrx_word' id='word_1_34' title='bbox 336 939 437 1012; x_wconf 90' lang='lat' dir='ltr'>prout</span> <span class='ocrx_word' id='word_1_35' title='bbox 458 922 571 1011; x_wconf 85' lang='lat' dir='ltr'>aliqua</span> <span class='ocrx_word' id='word_1_36' title='bbox 590 925 708 993; x_wconf 89' lang='lat' dir='ltr'>trium</span> <span class='ocrx_word' id='word_1_37' title='bbox 727 918 883 1014; x_wconf 74' lang='lat' dir='ltr'>specierum</span> 
     </span>
     <span class='ocr_line' id='line_1_9' title="bbox 197 1010 883 1110; baseline 0.01 -24"><span class='ocrx_word' id='word_1_38' title='bbox 197 1040 268 1108; x_wconf 86' lang='lat' dir='ltr'>prae</span> <span class='ocrx_word' id='word_1_39' title='bbox 281 1021 410 1088; x_wconf 86' lang='lat' dir='ltr'>caeteris</span> <span class='ocrx_word' id='word_1_40' title='bbox 424 1020 586 1088; x_wconf 88' lang='lat' dir='ltr'>emineat.</span> <span class='ocrx_word' id='word_1_41' title='bbox 615 1018 784 1110; x_wconf 87' lang='lat' dir='ltr'>Exempli</span> <span class='ocrx_word' id='word_1_42' title='bbox 796 1010 883 1093; x_wconf 68' lang='lat' dir='ltr'>caudi</span> 
     </span>
     <span class='ocr_line' id='line_1_10' title="bbox 200 1108 884 1204; baseline 0 -24"><span class='ocrx_word' id='word_1_43' title='bbox 200 1108 226 1181; x_wconf 84' lang='lat' dir='ltr'>ii</span> <span class='ocrx_word' id='word_1_44' title='bbox 245 1115 436 1184; x_wconf 87' lang='lat' dir='ltr'>nominatio</span> <span class='ocrx_word' id='word_1_45' title='bbox 457 1110 731 1204; x_wconf 82' lang='lat' dir='ltr'>magistratuum</span> <span class='ocrx_word' id='word_1_46' title='bbox 757 1162 768 1195; x_wconf 90' lang='lat'>,</span> <span class='ocrx_word' id='word_1_47' title='bbox 803 1115 884 1183; x_wconf 83' lang='lat' dir='ltr'>&amp;ar-</span> 
     </span>
     <span class='ocr_line' id='line_1_11' title="bbox 199 1207 884 1300; baseline -0.003 -23"><span class='ocrx_word' id='word_1_48' title='bbox 199 1207 342 1279; x_wconf 88' lang='lat' dir='ltr'>bitrium</span> <span class='ocrx_word' id='word_1_49' title='bbox 367 1207 447 1279; x_wconf 84' lang='lat' dir='ltr'>belli</span> <span class='ocrx_word' id='word_1_50' title='bbox 470 1210 504 1281; x_wconf 89' lang='lat'>&amp;</span> <span class='ocrx_word' id='word_1_51' title='bbox 529 1208 653 1298; x_wconf 83' lang='lat' dir='ltr'>pacis,</span> <span class='ocrx_word' id='word_1_52' title='bbox 684 1230 792 1300; x_wconf 83' lang='lat' dir='ltr'>penes</span> <span class='ocrx_word' id='word_1_53' title='bbox 807 1226 884 1299; x_wconf 79' lang='lat' dir='ltr'>regor</span> 
     </span>
     <span class='ocr_line' id='line_1_12' title="bbox 200 1300 885 1397; baseline -0.003 -24"><span class='ocrx_word' id='word_1_54' title='bbox 200 1300 299 1384; x_wconf 82' lang='lat' dir='ltr'>effer,</span> <span class='ocrx_word' id='word_1_55' title='bbox 323 1302 453 1394; x_wconf 80' lang='lat' dir='ltr'>judicia</span> <span class='ocrx_word' id='word_1_56' title='bbox 472 1301 566 1394; x_wconf 87' lang='lat' dir='ltr'>apud</span> <span class='ocrx_word' id='word_1_57' title='bbox 585 1320 787 1397; x_wconf 79' lang='lat' dir='ltr'>rnagnates,</span> <span class='ocrx_word' id='word_1_58' title='bbox 812 1318 885 1395; x_wconf 79' lang='lat' dir='ltr'>peca-</span> 
     </span>
     <span class='ocr_line' id='line_1_13' title="bbox 198 1396 884 1495; baseline -0.006 -26"><span class='ocrx_word' id='word_1_59' title='bbox 198 1399 336 1469; x_wconf 85' lang='lat' dir='ltr'>niamm</span> <span class='ocrx_word' id='word_1_60' title='bbox 364 1398 577 1471; x_wconf 86' lang='lat' dir='ltr'>contributio</span> <span class='ocrx_word' id='word_1_61' title='bbox 601 1421 715 1491; x_wconf 88' lang='lat' dir='ltr'>penes</span> <span class='ocrx_word' id='word_1_62' title='bbox 733 1396 884 1495; x_wconf 80' lang='lat' dir='ltr'>popular,</span> 
     </span>
     <span class='ocr_line' id='line_1_14' title="bbox 201 1491 885 1586; baseline -0.009 -21"><span class='ocrx_word' id='word_1_63' title='bbox 201 1495 370 1586; x_wconf 78' lang='lat' dir='ltr'>&amp;legum</span> <span class='ocrx_word' id='word_1_64' title='bbox 391 1491 604 1565; x_wconf 84' lang='lat' dir='ltr'>ferendarum</span> <span class='ocrx_word' id='word_1_65' title='bbox 626 1497 790 1585; x_wconf 85' lang='lat' dir='ltr'>potentia</span> <span class='ocrx_word' id='word_1_66' title='bbox 807 1510 885 1585; x_wconf 84' lang='lat' dir='ltr'>perer</span> 
     </span>
     <span class='ocr_line' id='line_1_15' title="bbox 201 1584 913 1681; baseline -0.008 -20"><span class='ocrx_word' id='word_1_67' title='bbox 201 1614 306 1661; x_wconf 81' lang='lat' dir='ltr'>ornnes</span> <span class='ocrx_word' id='word_1_68' title='bbox 329 1587 443 1660; x_wconf 86' lang='lat' dir='ltr'>fimul:</span> <span class='ocrx_word' id='word_1_69' title='bbox 466 1584 671 1679; x_wconf 84' lang='lat' dir='ltr'>hujusmodi</span> <span class='ocrx_word' id='word_1_70' title='bbox 696 1588 821 1661; x_wconf 86' lang='lat' dir='ltr'>statum</span> <span class='ocrx_word' id='word_1_71' title='bbox 842 1606 885 1657; x_wconf 86' lang='lat' dir='ltr'>ro·</span> <span class='ocrx_word' id='word_1_72' title='bbox 910 1674 913 1681; x_wconf 28' lang='grc' dir='ltr'>Ι</span> 
     </span>
     <span class='ocr_line' id='line_1_16' title="bbox 204 1672 884 1771; baseline -0.001 -19"><span class='ocrx_word' id='word_1_73' title='bbox 204 1702 319 1754; x_wconf 83' lang='lat' dir='ltr'>curent</span> <span class='ocrx_word' id='word_1_74' title='bbox 341 1680 563 1756; x_wconf 76' lang='lat' dir='ltr'>monarchiam</span> <span class='ocrx_word' id='word_1_75' title='bbox 586 1689 752 1757; x_wconf 84' lang='lat' dir='ltr'>mixtam.</span> <span class='ocrx_word' id='word_1_76' title='bbox 777 1672 884 1771; x_wconf 76' lang='lat' dir='ltr'>Quadi</span> 
     </span>
     <span class='ocr_line' id='line_1_17' title="bbox 199 1774 884 1872; baseline -0.006 -21"><span class='ocrx_word' id='word_1_77' title='bbox 199 1774 291 1851; x_wconf 89' lang='lat' dir='ltr'>fierit</span> <span class='ocrx_word' id='word_1_78' title='bbox 333 1778 438 1872; x_wconf 83' lang='lat' dir='ltr'>poffet</span> <span class='ocrx_word' id='word_1_79' title='bbox 479 1796 519 1851; x_wconf 93' lang='lat' dir='ltr'>ut</span> <span class='ocrx_word' id='word_1_80' title='bbox 552 1776 766 1869; x_wconf 86' lang='lat' dir='ltr'>hujusmodi</span> <span class='ocrx_word' id='word_1_81' title='bbox 805 1774 884 1849; x_wconf 84' lang='lat' dir='ltr'>statur</span> 
     </span>
    </p>

    <p class='ocr_par' dir='ltr' id='par_1_3' title="bbox 74 1870 892 3010">
     <span class='ocr_line' id='line_1_18' title="bbox 74 1870 887 1957; baseline -0.004 -13"><span class='ocrx_word' id='word_1_82' title='bbox 74 1886 83 1909; x_wconf 82' lang='grc'><em>·</em></span> <span class='ocrx_word' id='word_1_83' title='bbox 199 1870 389 1957; x_wconf 78' lang='lat' dir='ltr'>exsisteret,</span> <span class='ocrx_word' id='word_1_84' title='bbox 423 1872 535 1945; x_wconf 87' lang='lat' dir='ltr'>nihilo</span> <span class='ocrx_word' id='word_1_85' title='bbox 559 1896 614 1945; x_wconf 83' lang='lat' dir='ltr'>ma</span> <span class='ocrx_word' id='word_1_86' title='bbox 642 1877 672 1945; x_wconf 87' lang='lat' dir='ltr'>is</span> <span class='ocrx_word' id='word_1_87' title='bbox 707 1876 836 1948; x_wconf 90' lang='lat' dir='ltr'>civium</span> <span class='ocrx_word' id='word_1_88' title='bbox 858 1872 887 1941; x_wconf 86' lang='lat' dir='ltr'>li·</span> 
     </span>
     <span class='ocr_line' id='line_1_19' title="bbox 200 1964 886 2059; baseline -0.007 -19"><span class='ocrx_word' id='word_1_89' title='bbox 200 1970 323 2040; x_wconf 84' lang='lat' dir='ltr'>bertari</span> <span class='ocrx_word' id='word_1_90' title='bbox 358 1965 549 2041; x_wconf 82' lang='lat' dir='ltr'>consultum</span> <span class='ocrx_word' id='word_1_91' title='bbox 578 1992 595 2039; x_wconf 89' lang='lat' dir='ltr'>e</span> <span class='ocrx_word' id='word_1_92' title='bbox 625 1986 669 2040; x_wconf 86' lang='lat' dir='ltr'>et.</span> <span class='ocrx_word' id='word_1_93' title='bbox 727 1964 886 2059; x_wconf 79' lang='lat' dir='ltr'>Quamdiu</span> 
     </span>
     <span class='ocr_line' id='line_1_20' title="bbox 199 2058 888 2143; baseline -0.004 -7"><span class='ocrx_word' id='word_1_94' title='bbox 199 2068 440 2137; x_wconf 80' lang='lat' dir='ltr'>enimomnes</span> <span class='ocrx_word' id='word_1_95' title='bbox 471 2061 694 2138; x_wconf 82' lang='lat' dir='ltr'>consentiunt</span> <span class='ocrx_word' id='word_1_96' title='bbox 733 2069 823 2137; x_wconf 86' lang='lat' dir='ltr'>inter</span> <span class='ocrx_word' id='word_1_97' title='bbox 845 2058 888 2143; x_wconf 83' lang='lat' dir='ltr'>sc,</span> 
     </span>
     <span class='ocr_line' id='line_1_21' title="bbox 198 2157 889 2253; baseline -0.003 -22"><span class='ocrx_word' id='word_1_98' title='bbox 198 2157 367 2251; x_wconf 73' lang='lat' dir='ltr'>subjedio</span> <span class='ocrx_word' id='word_1_99' title='bbox 395 2158 608 2253; x_wconf 76' lang='lat' dir='ltr'>singulorum</span> <span class='ocrx_word' id='word_1_100' title='bbox 635 2162 772 2233; x_wconf 90' lang='lat' dir='ltr'>civium</span> <span class='ocrx_word' id='word_1_101' title='bbox 813 2176 889 2231; x_wconf 79' lang='lat' dir='ltr'>trau</span> 
     </span>
     <span class='ocr_line' id='line_1_22' title="bbox 200 2246 889 2348; baseline -0.004 -22"><span class='ocrx_word' id='word_1_102' title='bbox 200 2253 270 2329; x_wconf 78' lang='lat' dir='ltr'>est,</span> <span class='ocrx_word' id='word_1_103' title='bbox 295 2277 333 2328; x_wconf 91' lang='lat' dir='ltr'>ut</span> <span class='ocrx_word' id='word_1_104' title='bbox 353 2256 462 2348; x_wconf 86' lang='lat' dir='ltr'>major</span> <span class='ocrx_word' id='word_1_105' title='bbox 482 2251 545 2326; x_wconf 81' lang='lat' dir='ltr'>efl&#39;e</span> <span class='ocrx_word' id='word_1_106' title='bbox 560 2278 635 2336; x_wconf 87' lang='lat' dir='ltr'>non</span> <span class='ocrx_word' id='word_1_107' title='bbox 655 2252 782 2346; x_wconf 80' lang='lat' dir='ltr'>poffit3</span> <span class='ocrx_word' id='word_1_108' title='bbox 803 2246 889 2327; x_wconf 82' lang='lat' dir='ltr'>sedfi</span> 
     </span>
     <span class='ocr_line' id='line_1_23' title="bbox 199 2347 890 2433; baseline -0.003 -12"><span class='ocrx_word' id='word_1_109' title='bbox 199 2347 413 2433; x_wconf 80' lang='lat' dir='ltr'>diffenriant,</span> <span class='ocrx_word' id='word_1_110' title='bbox 444 2350 571 2423; x_wconf 87' lang='lat' dir='ltr'>bellum</span> <span class='ocrx_word' id='word_1_111' title='bbox 588 2350 693 2422; x_wconf 82' lang='lat' dir='ltr'>civile</span> <span class='ocrx_word' id='word_1_112' title='bbox 711 2352 890 2429; x_wconf 85' lang='lat' dir='ltr'>reducitur,</span> 
     </span>
     <span class='ocr_line' id='line_1_24' title="bbox 202 2441 892 2543; baseline -0.006 -24"><span class='ocrx_word' id='word_1_113' title='bbox 202 2449 236 2519; x_wconf 74' lang='lat' dir='ltr'>de</span> <span class='ocrx_word' id='word_1_114' title='bbox 258 2446 313 2537; x_wconf 84' lang='lat' dir='ltr'>jus</span> <span class='ocrx_word' id='word_1_115' title='bbox 328 2446 433 2541; x_wconf 84' lang='lat' dir='ltr'>gladii</span> <span class='ocrx_word' id='word_1_116' title='bbox 443 2453 595 2543; x_wconf 83' lang='lat' dir='ltr'>privati,</span> <span class='ocrx_word' id='word_1_117' title='bbox 619 2446 719 2536; x_wconf 88' lang='lat' dir='ltr'>quod</span> <span class='ocrx_word' id='word_1_118' title='bbox 738 2445 788 2518; x_wconf 88' lang='lat' dir='ltr'>est</span> <span class='ocrx_word' id='word_1_119' title='bbox 811 2441 892 2517; x_wconf 87' lang='lat' dir='ltr'>omui</span> 
     </span>
     <span class='ocr_line' id='line_1_25' title="bbox 199 2537 892 2634; baseline -0.009 -19"><span class='ocrx_word' id='word_1_120' title='bbox 199 2538 414 2632; x_wconf 73' lang='lat' dir='ltr'>subjeciione</span> <span class='ocrx_word' id='word_1_121' title='bbox 425 2542 531 2634; x_wconf 87' lang='lat' dir='ltr'>pejus.</span> <span class='ocrx_word' id='word_1_122' title='bbox 560 2540 625 2616; x_wconf 86' lang='lat' dir='ltr'>Sed</span> <span class='ocrx_word' id='word_1_123' title='bbox 636 2537 892 2633; x_wconf 83' lang='lat' dir='ltr'>fierihujusmo-</span> 
     </span>
     <span class='ocr_line' id='line_1_26' title="bbox 199 2633 892 2733; baseline -0.003 -27"><span class='ocrx_word' id='word_1_124' title='bbox 199 2635 235 2706; x_wconf 89' lang='lat' dir='ltr'>di</span> <span class='ocrx_word' id='word_1_125' title='bbox 252 2643 378 2733; x_wconf 80' lang='lat' dir='ltr'>imperii</span> <span class='ocrx_word' id='word_1_126' title='bbox 382 2639 500 2730; x_wconf 71' lang='lat' dir='ltr'>suriani</span> <span class='ocrx_word' id='word_1_127' title='bbox 517 2633 585 2729; x_wconf 86' lang='lat' dir='ltr'>(a)</span> <span class='ocrx_word' id='word_1_128' title='bbox 603 2634 816 2710; x_wconf 71' lang='lat' dir='ltr'>divisionem</span> <span class='ocrx_word' id='word_1_129' title='bbox 832 2654 892 2707; x_wconf 89' lang='lat' dir='ltr'>non</span> 
     </span>
     <span class='ocr_line' id='line_1_27' title="bbox 199 2730 892 2827; baseline -0.001 -25"><span class='ocrx_word' id='word_1_130' title='bbox 199 2730 309 2825; x_wconf 78' lang='lat' dir='ltr'>polio,</span> <span class='ocrx_word' id='word_1_131' title='bbox 333 2731 410 2806; x_wconf 82' lang='lat' dir='ltr'>sutis</span> <span class='ocrx_word' id='word_1_132' title='bbox 432 2731 706 2806; x_wconf 85' lang='lat' dir='ltr'>demonstratum</span> <span class='ocrx_word' id='word_1_133' title='bbox 716 2730 780 2804; x_wconf 70' lang='lat' dir='ltr'>‘est</span> <span class='ocrx_word' id='word_1_134' title='bbox 797 2732 892 2827; x_wconf 82' lang='lat' dir='ltr'>capite</span> 
     </span>
     <span class='ocr_line' id='line_1_28' title="bbox 199 2826 892 2923; baseline 0.009 -24"><span class='ocrx_word' id='word_1_135' title='bbox 199 2828 437 2922; x_wconf 84' lang='lat' dir='ltr'>praecedente,</span> <span class='ocrx_word' id='word_1_136' title='bbox 463 2829 613 2903; x_wconf 85' lang='lat' dir='ltr'>articulis</span> <span class='ocrx_word' id='word_1_137' title='bbox 639 2828 685 2912; x_wconf 81' lang='lat'>6,</span> <span class='ocrx_word' id='word_1_138' title='bbox 714 2847 764 2923; x_wconf 85' lang='lat'>7,</span> <span class='ocrx_word' id='word_1_139' title='bbox 793 2831 835 2913; x_wconf 89' lang='lat'>8,</span> <span class='ocrx_word' id='word_1_140' title='bbox 857 2826 892 2921; x_wconf 66' lang='lat'>9&#39;2</span> 
     </span>
     <span class='ocr_line' id='line_1_29' title="bbox 205 2944 443 3010; baseline 0.013 -15"><span class='ocrx_word' id='word_1_141' title='bbox 205 2944 268 3009; x_wconf 88' lang='lat'>10,</span> <span class='ocrx_word' id='word_1_142' title='bbox 298 2945 359 3010; x_wconf 92' lang='lat'>11,</span> <span class='ocrx_word' id='word_1_143' title='bbox 391 2946 443 3000; x_wconf 87' lang='lat'>12.</span> 
     </span>
    </p>
   </div>
   <div class='ocr_carea' id='block_1_3' title="bbox 67 3108 893 3308">
    <p class='ocr_par' dir='ltr' id='par_1_4' title="bbox 67 3108 893 3308">
     <span class='ocr_line' id='line_1_30' title="bbox 67 3108 893 3209; baseline -0.021 -11"><span class='ocrx_word' id='word_1_144' title='bbox 67 3140 176 3202; x_wconf 27' lang='lat' dir='ltr'>annot..</span> <span class='ocrx_word' id='word_1_145' title='bbox 250 3112 319 3207; x_wconf 89' lang='lat' dir='ltr'>(a)</span> <span class='ocrx_word' id='word_1_146' title='bbox 346 3114 411 3191; x_wconf 90' lang='lat' dir='ltr'>Sed</span> <span class='ocrx_word' id='word_1_147' title='bbox 438 3112 510 3187; x_wconf 87' lang='lat' dir='ltr'>fieri</span> <span class='ocrx_word' id='word_1_148' title='bbox 543 3110 746 3209; x_wconf 83' lang='lat' dir='ltr'>hujusmodi</span> <span class='ocrx_word' id='word_1_149' title='bbox 778 3108 893 3188; x_wconf 87' lang='lat' dir='ltr'>summi</span> 
     </span>
     <span class='ocr_line' id='line_1_31' title="bbox 199 3202 891 3308; baseline -0.006 -21"><span class='ocrx_word' id='word_1_150' title='bbox 199 3210 337 3308; x_wconf 85' lang='lat' dir='ltr'>imperii</span> <span class='ocrx_word' id='word_1_151' title='bbox 351 3210 562 3299; x_wconf 65' lang='lat' dir='ltr'>,diuisionem</span> <span class='ocrx_word' id='word_1_152' title='bbox 580 3234 652 3284; x_wconf 90' lang='lat' dir='ltr'>non</span> <span class='ocrx_word' id='word_1_153' title='bbox 674 3206 790 3303; x_wconf 82' lang='lat' dir='ltr'>poffe,</span> <span class='ocrx_word' id='word_1_154' title='bbox 816 3202 891 3298; x_wconf 71' lang='lat' dir='ltr'>dic]</span> 
     </span>
    </p>
   </div>
   <div class='ocr_carea' id='block_1_4' title="bbox 0 0 1008 3666">
    <p class='ocr_par' dir='ltr' id='par_1_5' title="bbox 0 0 1008 3666">
     <span class='ocr_line' id='line_1_32' title="bbox 0 0 1008 3666; baseline 0 0"><span class='ocrx_word' id='word_1_155' title='bbox 0 0 1008 3666; x_wconf 95' lang='lat' dir='ltr'> </span> 
     </span>
    </p>
   </div>
  </div>
 </body>
</html>
